3224 5162
320 513 362 578 eo
842 509 933 598 [sss]

314 702 439 785 fossura
450 705 604 790 fidentius
628 707 767 771 transire
790 705 903 784 conati,
926 705 1097 788 repentinis
1127 725 1233 770 eorum
1263 705 1449 788 adsultibus,

317 808 371 889 qui
393 807 595 892 erumpebant
626 808 766 873 clanculo
790 828 849 891 per
873 808 1025 892 posticas,
1055 808 1187 872 ruebant
1217 810 1342 874 incaute
1371 807 1450 894 (uel)

318 912 422 975 saucii
443 911 655 994 discedebant3
680 915 730 976 31.
755 914 882 994 10,14;
907 912 958 976 20.
984 912 1034 991 11,
1051 913 1107 993 213
1132 913 1182 976 18.
1200 916 1230 993 8,
1246 915 1275 978 9.
1317 912 1453 978 Constat

320 1015 400 1080 alios
422 1017 591 1102 scriptores
615 1017 789 1101 permultos
812 1037 870 1100 pro
896 1015 954 1079 hoc
974 1015 1161 1098 imperfecto
1178 1015 1365 1082 Ammianeo
1389 1019 1451 1082 in·

318 1119 486 1186 finitiva
515 1142 543 1206 q.
567 1119 596 1184 d.
627 1119 833 1185 historico
864 1120 910 1183 uti
940 1139 1004 1182 non
1035 1118 1141 1204 inepte
1171 1119 1209 1182 ad
1241 1119 1453 1188 describenda

316 1224 402 1291 10010
425 1233 457 1290 01
479 1247 542 1308 res,
564 1245 651 1308 quae:
669 1224 759 1309 quasi
781 1223 813 1286 in
837 1223 962 1306 pictura
983 1221 1096 1286 eodem
1119 1223 1271 1307 temporis
1287 1232 1450 1292 momento

318 1329 368 1413 agi
391 1336 422 1394 et
446 1330 514 1393 fieri
537 1327 684 1394 videntur
708 1329 757 1391 val
782 1346 863 1412 quae
895 1325 1039 1390 celeriter
1068 1326 1247 1392 alisatiam
1277 1329 1451 1414 excipiunt,

317 1433 455 1498 maxime
484 1432 609 1498 idoneo.
664 1431 727 1506 Qui
755 1451 831 1498 usus
861 1451 932 1494 curn
963 1429 1048 1516 apud
1079 1431 1265 1496 Sallustium
1300 1432 1450 1498 latissime

316 1543 435 1621 pateat,
464 1538 578 1602 mirum
610 1544 658 1601 est
688 1534 774 1620 quod
799 1535 994 1615 Ammianus,
1024 1556 1117 1621 quern
1150 1535 1277 1620 quidem
1307 1535 1451 1602 Sallustii

316 1643 452 1726 vestigia
468 1642 683 1727 maximopere
698 1648 842 1705 secutum
858 1661 929 1706 esse
944 1639 1106 1720 Hertcius‚
1120 1640 1259 1705 Wirnius
1273 1641 1318 1720 (in
1332 1639 1447 1705 Philol.

318 1746 459 1824 10136),
483 1745 535 1809 alii
559 1744 745 1827 docueruut,
769 1765 831 1808 non
857 1744 930 1828 plus
952 1765 1047 1829 quam
1070 1744 1168 1810 semel
1191 1765 1228 1809 ac
1250 1743 1386 1809 10110010
1409 1764 1450 1810 00

317 1848 416 1915 semel
438 1847 566 1934 quidem
588 1849 743 1914 infinitivo
759 1848 909 1914 historico
933 1850 979 1912 uti
1002 1847 1134 1913 videtur.
1172 1848 1279 1912 Locus
1296 1847 1378 1912 euim
1394 1847 1447 1912 ille

319 1954 437 2034 unicus,
462 1974 524 2038 quo
548 1953 718 2018 infinitivus
741 1951 907 2016 historicus
929 1953 1063 2018 traditus
1080 1960 1139 2034 est,
1162 1965 1226 2016 000
1241 1952 1367 2035 integer
1380 1971 1450 2016 esse

316 2056 394 2119 mihi
422 2055 561 2121 videtur:
593 2058 644 2120 29.
668 2059 697 2138 3,
723 2058 739 2119 1
766 2053 934 2119 Claudium
957 2063 985 2120 et
1007 2055 1195 2120 Sallustium
1280 2055 1451 2122 0100100101

316 2160 445 2241 quidam
470 2211 476 2223 .
502 2205 540 2225 ..
574 2177 701 2241 cumque
734 2159 814 2224 nibil
846 2161 1039 2241 quaestiones
1075 2161 1249 2243 reperirent
1286 2159 1452 2240 adsiduae,

317 2263 472 2329 mandore
494 2264 658 2349 inopistris
681 2264 817 2345 equiturn
843 2262 1041 2328 auditoribus
1068 2265 1232 2348 princeps,
1256 2270 1291 2328 ut
1321 2271 1453 2349 opereat

315 2365 516 2452 (Claudium)
525 2370 559 2433 in
574 2371 701 2434 anilium
716 2375 745 2433 et
761 2368 947 2434 Sallustium
958 2369 1208 2453 pronuntiarent
1222 2370 1335 2454 capitis
1350 2390 1449 2434 reum.

317 2471 400 2536 Sane
420 2473 533 2536 mirum
557 2474 608 2552 sit,
632 2473 658 2537 si
682 2471 871 2537 Ammianus
895 2473 956 2538 hoe
979 2474 1046 2558 ipso
1070 2473 1141 2538 loco
1165 2474 1342 2538 orationem
1368 2491 1453 2538 nova

318 2575 446 2640 inducta
469 2581 564 2660 atque
587 2577 741 2642 inusitata
764 2575 1061 2660 repraesentationis
1084 2576 1187 2642 forma
1214 2577 1453 2664 concitatiorem

223 2749 227 2753 ,
316 2679 450 2745 reddere
472 2680 623 2762 voluerit,
647 2701 718 2744 cum
742 2700 801 2762 res,
825 2686 1084 2765 quassarentur,
1107 2679 1168 2745 hoc
1183 2680 1348 2744 artificium
1363 2686 1450 2746 certe

317 2804 379 2847 000
404 2791 558 2868 posceret.
603 2783 737 2849 Accedit
769 2784 853 2868 quod
885 2783 1114 2849 sententiarum
1143 2804 1284 2849 conexus
1311 2805 1452 2869 ususque

317 2894 494 2971 temporum
517 2910 580 2953 000
600 2889 788 2953 infinitivum
804 2889 988 2955 historicum
1005 2889 1060 2955 sad
1075 2889 1254 2976 perlectum
1271 2888 1342 2954 hist.
1367 2908 1453 2952 eom·

316 2991 466 3055 mandare
489 2992 614 3056 videtur
641 2992 784 3056 similiter
814 3014 852 3057 ae
882 2994 1028 3077 proxima
1051 2992 1261 3078 paragrapho
1291 2991 1454 3076 respondit

316 3094 466 3180 scriptum
490 3103 547 3160 est.
594 3094 674 3160 0010
704 3103 814 3160 autem
837 3097 992 3162 0000001010
1021 3104 1053 3161 01
1080 3095 1190 3162 codice
1213 3095 1244 3160 V
1275 3102 1306 3161 et
1329 3095 1453 3160 Gelenii

317 3199 508 3264 auctoritate
530 3199 658 3280 nitatur,
681 3199 869 3266 infinitivum
885 3198 1014 3284 quidem
1030 3199 1221 3264 servandum
1242 3219 1311 3264 esse
1326 3217 1452 3277 censeo,

316 3300 374 3366 sed
397 3302 571 3387 perfectum
595 3301 686 3366 verbi
710 3300 882 3384 cuiusdam,
906 3323 948 3367 ex
979 3323 1041 3387 quo
1065 3302 1221 3368 mandore
1244 3301 1393 3386 pendeat,
1417 3309 1453 3367 ut

317 3407 478 3471 constituit
508 3405 559 3471 rel
592 3407 726 3471 decreoit
759 3407 810 3470 vel
839 3409 979 3472 animum
1011 3407 1153 3486 induerit,
1184 3407 1215 3471 in
1248 3413 1373 3472 textum
1409 3407 1456 3470 in-

283 3551 285 3558 ,
316 3508 497 3574 serendum.

418 3612 578 3697 Imprimis
615 3621 722 3680 autem
748 3612 982 3700 'imperfectum
1017 3633 1108 3678 suum
1142 3613 1239 3678 habet
1277 3613 1382 3678 locum
1421 3613 1451 3680 iu

317 3717 490 3783 enuntiatis
515 3715 721 3798 secundariis,
746 3717 800 3782 ubi
819 3717 1039 3804 imperfectum
1056 3718 1197 3803 aliquam
1212 3738 1277 3783 rem
1295 3718 1452 3802 exprimit,

316 3842 398 3907 quae
420 3820 463 3886 ad
486 3821 572 3887 illam
595 3823 730 3890 alteram
752 3823 902 3907 primaria
924 3823 1081 3888 sententia
1103 3823 1300 3888 enuntiatam
1321 3823 1366 3885 ita
1389 3843 1452 3886 10-

315 3925 329 3988 f
338 3932 472 4009 01101,
504 3932 539 3990 01
561 3948 632 3992 eam
655 3935 711 3992 aut
733 3926 831 3991 fuisse
853 3932 909 3991 aut
938 3927 1071 3991 durasse
1102 3925 1267 4006 indicetur,
1297 3946 1369 3988 cum
1400 3924 1454 3990 ills

316 4030 416 4093 altera
437 4028 599 4096 incideret.
642 4029 716 4095 Huc
738 4031 902 4116 pertinent
925 4029 1059 4115 primum
1086 4029 1261 4095 sententiae
1291 4029 1453 4111 relativae,

315 4131 429 4196 veluti:
462 4134 512 4198 11.
537 4135 587 4216 12,
620 4135 660 4198 10
689 4151 780 4215 eoque
809 4133 853 4198 ad
879 4132 1078 4216 precandum
1108 4133 1249 4198 admissa
1275 4133 1452 4216 multitudo,

321 4238 412 4302 cuius
434 4256 493 4300 oro
509 4235 663 4321 formido
678 4245 767 4302 muto
790 4235 965 4319 claudebat,
982 4287 989 4301 .
1056 4255 1159 4301 ornnes
1181 4253 1296 4302 manus
1312 4285 1319 4300 .
1333 4287 1340 4301 .
1356 4285 1364 4300 .
1383 4257 1456 4320 pre-

317 4339 403 4405 cibus
425 4339 594 4424 dederuut3
627 4344 676 4408 18.
705 4343 735 4425 8,
758 4344 777 4406 5
801 4339 928 4406 sublato
958 4342 1056 4424 tiara,
1085 4358 1179 4424 quam
1212 4341 1309 4424 capiti
1336 4356 1455 4404 summo

316 4441 450 4531 ferebat.
1176 4460 1178 4468 ’

419 4546 546 4616 Deinde
568 4567 625 4618 eae
649 4548 885 4620 enuntiationes
914 4547 1132 4630 secundariae,
1164 4569 1248 4633 quae
1279 4547 1369 4633 quasi
1398 4544 1452 4612 ad-
