3224 5162
664 497 754 583 [ns]
1151 598 1153 601 Ι
1235 500 1276 572 as,

19 685 20 688 ¹
133 697 318 782 frustratus
334 701 395 776 est-3
419 697 468 757 24.
485 700 513 775 5,
530 698 549 757 4
573 698 702 757 carnatus
724 699 767 755 est
791 737 823 758 ..
842 741 849 755 .
872 713 906 755 eo
928 695 1011 778 quod
1034 694 1275 760 ...-dirntcurlt

139 806 260 865 ...ct
284 849 291 863 .
316 847 324 862 .
349 849 356 863 .
380 802 591 882 proruperot3
617 798 668 860 24.
695 798 723 874 7,
747 799 776 859 5.
1119 803 1122 808 ’

241 902 301 968 IV.
347 901 528 966 Perfectum
551 921 623 963 cum
645 898 752 962 futuro
770 899 804 962 II
828 901 937 984 paucis
953 900 1029 964 loeis
1051 901 1089 964 ab
1105 901 1274 964 Ammiano

139 1013 370 1088 commutatur;
402 1005 486 1089 quod
516 1007 561 1068 ita
590 1004 634 1082 fit,
667 1011 701 1066 ut
731 1003 855 1066 nullum
886 1005 1054 1068 artificium
1083 1005 1279 1072 rhetoricum

138 1110 378 1198 agnoscendum
408 1110 464 1172 sit:
494 1111 545 1172 21.
570 1111 598 1188 6,
629 1109 648 1170 2
672 1107 700 1170 st
721 1108 797 1191 quid
821 1107 949 1171 admisit
971 1107 1065 1171 leuius
1088 1109 1182 1188 randi,
1207 1156 1214 1170 .
1239 1155 1244 1168 .
1269 1157 1276 1171 .

133 1217 298 1301 punietur.

242 1317 283 1382 V.
322 1318 373 1381 De
397 1315 670 1381 coniunctionibus
689 1315 917 1398 temporalibus
931 1324 1105 1401 postquam,
1122 1316 1187 1396 obi,
1208 1338 1277 1380 rura

133 1425 288 1507 primurn,
313 1442 488 1506 quaecum
512 1419 653 1506 perfecto
679 1421 829 1504 coniungi
853 1421 964 1498 solent,
989 1421 1029 1485 cf.
1052 1420 1144 1485 iufra.

390 1732 407 1814 ξ
430 1736 460 1797 4.
504 1730 1025 1804 PLUSQUAMPERFEOTUM.

360 1923 406 1973 DE
432 1922 811 1984 PLUSQUAMPERFECTI
830 1923 1054 1978 Juulcnulvo.

244 2043 552 2128 Plusquamperfeeti
568 2043 742 2128 indicativi,
760 2066 821 2129 quo
841 2045 1027 2108 Ammianus
1044 2048 1074 2108 in
1093 2047 1277 2122 universum

141 2154 227 2212 reete
251 2148 363 2230 utitur,
389 2147 537 2230 exempla
560 2131 673 2210 afferre
697 2147 901 2230 supersedeo.
941 2147 1008 2211 Nec
1032 2155 1138 2212 tamen
1163 2149 1277 2212 desunt

140 2249 1163 2335 vestigiaatqueindiciaeiusqueArnmianusviguorittemporis.
1188 2250 1275 2313 Non·

141 2376 303 2438 nunquam
329 2356 410 2416 enirn
434 2354 487 2418 ille
503 2354 847 2438 plusquamperfectum
871 2354 913 2417 ibi
936 2357 1035 2438 ponit,
1058 2355 1110 2419 ubi
1134 2355 1275 2439 perfecto

142 2481 216 2522 suus
234 2465 302 2521 eret
317 2459 424 2522 loeus:
442 2458 483 2522 cf.
496 2479 568 2541 pag.
587 2459 625 2520 12
639 2479 705 2542 sqq.
735 2457 824 2520 Idem
841 2459 926 2522 haud
944 2480 1015 2522 raro
1032 2459 1276 2544 plusquamper-

141 2562 259 2626 fectum
276 2561 452 2646 imperfecti
466 2582 599 2624 munere
616 2561 705 2644 fungi
722 2561 812 2643 sivit3
831 2563 977 2647 exempla
993 2563 1121 2646 collegit
1134 2563 1275 2625 Hassen-

142 2667 260 2730 steiuus
284 2687 357 2751 pag.
381 2668 432 2730 51.

347 2857 394 2906 on
412 2817 792 2916 ruusounnensaucm
812 2855 1070 2908 conruuorrve.

246 2977 285 3043 A.
332 2977 382 3041 Ex
406 2978 495 3041 verbi
519 2977 722 3062 temporibus,
751 2998 832 3062 quae
856 2998 903 3056 ee,
938 2998 1000 3062 qua
1029 2978 1061 3040 in
1084 2976 1275 3041 Romanieas

142 3103 171 3166 q.
195 3082 225 3146 d.
250 3083 375 3166 linguas
399 3082 582 3170 transibant,
608 3088 711 3146 aetate
727 3083 887 3146 sincerem
919 3102 1089 3166 veramque
1121 3082 1276 3165 significa·

142 3187 261 3248 tionem
291 3193 323 3248 et
351 3188 412 3248 vim
446 3207 517 3249 cum
546 3186 894 3269 alteramutaverant,
926 3186 1276 3271 plusquamperfectum

144 3289 334 3354 coniunctivi
363 3291 455 3354 facile
477 3292 649 3374 principem
683 3298 817 3376 occupet
847 3291 961 3371 locum,
981 3312 1063 3362 ¹curn
1097 3291 1126 3351 in
1157 3287 1274 3369 formis,

144 3413 219 3476 quas
252 3393 348 3455 etiam
374 3415 456 3457 nune
484 3393 630 3476 singulae
660 3394 787 3475 linguae
818 3391 1013 3457 Romanieae
1045 3393 1173 3473 habent,
1203 3412 1275 3455 con·

141 3503 295 3560 servetur.
342 3496 646 3580 Plusquemperfecti
669 3499 752 3560 enim
774 3497 893 3562 formae
909 3498 941 3560 in
959 3498 1076 3580 linguis
1093 3495 1274 3559 Romanieis

141 3599 317 3684 imperfecti
351 3600 542 3663 coniunctivi
575 3607 683 3664 tenent
717 3602 839 3677 locum,
873 3621 945 3664 eum
978 3601 1037 3662 illis
1068 3599 1274 3682 temporibus,

145 3703 259 3787 quibus
282 3703 409 3786 linguae
425 3703 620 3768 Romanieae
642 3704 771 3768 formari
787 3712 916 3788 coeptae
933 3712 1015 3785 sunt,
1035 3703 1276 3787 plusquamper-

142 3806 260 3872 fectum
297 3808 486 3870 coniuuetivi
516 3809 547 3870 iu
581 3810 706 3892 vulgari
737 3831 798 3873 usu
830 3811 924 3872 simul
959 3807 1136 3891 imperfecti
1169 3807 1275 3870 locum

142 3917 267 3974 teneret
291 3931 326 3974 ae
350 3919 511 3995 tamquam
540 3919 665 3997 tempus
698 3914 830 3976 aetionis
860 3913 1049 3996 praeteritae
1081 3911 1276 3976 coniunctivi

143 4021 225 4078 esset
248 4010 310 4076 κατ’
336 4013 455 4097 ἕξοχήν.
501 4015 551 4080 De
581 4037 643 4100 que
666 4018 814 4100 temporis
841 4015 1085 4080 commutatione
1115 4014 1274 4094 Fothius,l

143 4118 264 4180 utiam
287 4138 383 4202 supra
406 4118 481 4201 dixi,
505 4128 599 4185 acute
623 4119 804 4204 disputavit.
851 4119 941 4194 Quae
961 4119 1164 4182 commutatio
1189 4117 1274 4200 quod

143 4221 227 4305 apud
246 4220 448 4285 Ammianum
466 4243 561 4307 saepe
580 4225 707 4309 legitur,
733 4225 787 4288 vix
803 4224 914 4287 mirum
931 4222 1065 4304 videtur,
1088 4223 1275 4306 praesertim

143 4344 212 4387 cum
237 4325 268 4387 in
293 4327 404 4390 ceteris
428 4347 554 4410 quoquc
578 4328 774 4413 temporibus
797 4327 977 4412 praeteritis
1002 4336 1034 4391 et
1057 4327 1219 4391 indicativi
1243 4331 1275 4387 et

143 4464 284 4473 ——-.-....-.--
288 4467 346 4473 »⁴—

246 4554 253 4586 ¹
275 4551 336 4604 vide
358 4567 418 4620 pag.
440 4549 480 4612 1‘2,

1155 4639 1173 4694 3
