3224 5162
331 521 372 586 ιι
852 510 941 602 [rae]

330 721 437 780 turum
460 719 495 778 ut
517 710 686 776 inclinatos
716 712 749 774 ia
770 710 952 795 prouinciae
980 717 1123 792 portem:
1153 710 1238 794 isque
1260 707 1467 778 Merobaudis

321 820 441 904 fouere
462 824 634 902 susceptus,
657 819 848 881 necessarios
870 817 930 880 sibi
945 817 1058 899 plures
1076 818 1212 900 petierat
1234 817 1371 884 exbiberi
1377 841 1390 902 ,·
1418 823 1468 885 16.

331 928 361 1007 5,
390 926 425 987 12
449 924 556 987 aditus
579 921 804 1005 aparentibus
830 923 964 1004 oirqiue's
993 928 1116 1005 raptae,
1147 942 1215 986 eam
1244 924 1298 1008 qui
1327 925 1468 988 violarat

332 1029 504 1091 conuictam
528 1027 666 1110 retepori
693 1026 835 1090 decreuit.
865 1024 971 1105 hisque
999 1026 1131 1108 indique
1158 1027 1232 1108 poti
1260 1025 1469 1110 querentibus,

331 1132 414 1216 quod
435 1151 500 1195 aaa
520 1132 563 1194 sit
584 1137 682 1194 rnorte
703 1131 866 1210 multatus,
889 1130 1094 1212 responderat
1115 1129 1266 1194 baeterrae
1290 1181 1298 1196 .
1324 1181 1331 1195 .
1356 1180 1363 1195 .

547 1339 574 1398 β.
603 1343 641 1384 DE
658 1342 837 1384 IMPERFECTO
855 1341 912 1382 PRO
930 1342 1076 1384 Puaruouo
1094 1342 1249 1384 usnemu.

435 1445 606 1511 Permultis
629 1445 705 1508 loeis
727 1442 947 1527 imperfectum
973 1443 1102 1528 legitur,
1133 1444 1188 1508 ubi
1211 1443 1389 1528 perfeetum
1413 1467 1470 1510 ex·

332 1556 466 1637 spectes.
512 1549 619 1633 Atque
644 1547 798 1631 equidem,
824 1567 894 1611 cum
915 1547 1098 1631 saepissime
1113 1546 1334 1631 imperfectum
1351 1550 1469 1634 passivi

332 1677 389 1742 pro
411 1653 521 1719 formis
541 1651 719 1736 compositis
736 1650 867 1735 perfecti
883 1650 1020 1736 positum
1036 1651 1086 1733 sit,
1103 1650 1246 1738 suspicor
1262 1653 1469 1718 Ammianum

332 1758 478 1825 consulto
502 1757 679 1841 perfectum
697 1755 814 1841 passivi
830 1755 976 1838 evitasse,
999 1755 1160 1841 quodiam
1176 1777 1273 1842 supra
1290 1757 1468 1844 observavi,

334 1863 388 1928 ubi
412 1862 451 1928 de
474 1867 642 1948 praesente
665 1860 817 1924 historico
841 1859 940 1925 verba
965 1859 1036 1924 ieci.
1083 1859 1177 1934 Quod
1207 1882 1270 1946 qua
1300 1861 1339 1926 de
1369 1883 1469 1928 causa

334 1967 453 2031 iactum
469 1987 538 2030 esse
554 1965 708 2044 videatur,
724 1963 862 2028 breviter
878 1983 1047 2048 exponam.
1085 1963 1123 2028 In
1139 1965 1255 2049 linguis
1271 1965 1468 2052 Romanieis,

336 2092 415 2156 quas
438 2070 581 2150 dicimus,
611 2088 762 2154 praesens
786 2074 819 2133 et
844 2067 1063 2152 imperfectum
1093 2068 1208 2154 passivi
1239 2092 1256 2134 e
1289 2078 1470 2156 temporum

334 2174 583 2239 commutatione
606 2171 742 2257 perfecti
766 2177 797 2236 et
819 2173 1121 2258 plusquamperfecti
1147 2180 1217 2237 crta
1239 2195 1308 2239 esse
1325 2183 1469 2241 constat:

490 2287 613 2343 amatus
636 2299 717 2362 sum,
737 2279 773 2362 je
795 2276 861 2341 suis
883 2276 975 2361 aimb,
997 2278 1029 2340 io
1053 2299 1131 2342 sono
1154 2284 1276 2362 amat03

489 2389 612 2448 amatus
636 2403 731 2461 eram,
749 2379 856 2465 j’btais
879 2381 972 2465 aime,
995 2383 1026 2445 io
1050 2390 1247 2465 erasmum,

335 2509 429 2576 quam
452 2496 631 2575 temporum
649 2486 928 2551 commutationem
944 2486 1103 2550 Ammiani
1124 2493 1229 2551 aetate
1245 2488 1307 2553 iam
1323 2488 1471 2555 floruisse

336 2602 368 2660 et
389 2595 503 2659 litteris
527 2603 559 2658 et
582 2590 791 2656 monumentis
812 2591 979 2675 probatum
1004 2596 1062 2656 est.
1107 2591 1243 2657 Formae
1265 2593 1363 2678 igitur
1386 2614 1472 2660 com·

336 2699 460 2785 positae
482 2697 615 2783 perfecti
638 2702 669 2760 et
691 2694 993 2781 plusquamperfeeti
1017 2703 1178 2782 tamqnam
1201 2698 1351 2782 vulgares
1372 2698 1471 2766 habe·

336 2803 469 2882 bantur,
501 2800 724 2886 imperfectum
754 2821 846 2884 vero,
882 2820 954 2862 eum
989 2806 1147 2885 tamquam
1181 2800 1284 2866 forma
1313 2800 1408 2868 docta
1440 2812 1472 2870 et

339 2905 515 2990 elegantior
537 2904 712 2988 videretur,
742 2903 929 2968 Ammianus
953 2904 1066 2968 ceteris
1089 2905 1285 2991 temporibus
1308 2905 1350 2970 ad
1378 2927 1472 2992 prae·

336 3013 465 3076 teritum
488 3009 730 3093 significandum
753 3007 885 3087 idoneis,
909 3008 942 3070 ni
962 3007 1063 3090 fallor,
1086 3009 1247 3092 praetulit.

441 3114 555 3179 Altera
584 3113 678 3177 huius
709 3111 878 3195 singularis
905 3131 982 3176 usus
1014 3132 1111 3176 causa
1134 3112 1165 3175 in
1189 3113 1313 3181 ratione
1336 3115 1474 3202 quadam

337 3218 497 3286 rhetorica
529 3216 633 3301 posita
663 3237 733 3281 esse
766 3215 902 3281 videtur.
955 3215 1049 3289 Quod
1079 3236 1182 3300 neque
1211 3216 1395 3286 incredibile
1425 3229 1473 3286 est

337 3344 441 3410 neque
457 3322 581 3400 mirum,
604 3320 630 3384 si
645 3327 832 3406 reputamus
848 3319 1061 3402 ammianum,
1081 3326 1116 3383 ut
1133 3342 1173 3382 ex
1190 3322 1331 3406 epistulis
1347 3324 1474 3390 Libanii

338 3429 430 3494 amici
454 3431 596 3512 apparet,
620 3423 765 3489 historias
789 3445 863 3487 suas
886 3421 936 3486 vel
951 3429 1035 3488 totas
1052 3424 1105 3488 vel
1120 3433 1244 3509 partem
1260 3447 1368 3492 eoram
1384 3429 1474 3492 audi·

338 3544 445 3601 torum
468 3553 586 3598 corona
608 3532 767 3595 recitasse.
806 3530 965 3615 Persaepe
988 3531 1019 3594 in
1034 3552 1098 3595 uuo
1114 3531 1293 3617 eodemque
1310 3533 1473 3600 enuntiato

339 3637 517 3724 perfectum
540 3636 581 3699 ab
604 3633 793 3719 imperfecto
816 3633 869 3697 vel
891 3632 1015 3699 inverso
1032 3632 1142 3698 ordine
1158 3634 1219 3699 hoe
1235 3635 1276 3700 ab
1291 3635 1344 3702 illo
1359 3638 1474 3704 mirum

338 3746 372 3808 in
394 3740 524 3806 modum
549 3739 704 3825 excipitur
733 3736 787 3818 ita,
818 3744 853 3802 ut
883 3737 975 3802 facile
1003 3737 1036 3801 in
1068 3737 1246 3823 opinionem
1276 3740 1476 3808 adducamur

338 3847 546 3914 Ammianum
560 3845 642 3908 hano
656 3842 865 3909 variationem
881 3841 990 3908 dedita
1006 3861 1104 3927 opera
1119 3844 1319 3930 appetivisse.
1353 3844 1475 3911 Rerum

341 3958 503 4037 gesturum
515 3949 654 4014 narratio
667 3948 793 4033 saepius
810 3947 1050 4033 interrumpitur
1066 3956 1161 4033 atque
1177 3948 1218 4012 ad
1231 3946 1474 4035 descriptionem

340 4075 446 4120 rerum
461 4053 622 4134 transitur,
639 4073 710 4116 cum
725 4053 841 4115 rectius
858 4051 957 4116 oratio
970 4050 1146 4135 perfectum
1158 4051 1339 4118 historicum
1352 4063 1474 4138 poscat.

340 4151 589 4241 Nonnunquam,
620 4157 675 4220 ubi
701 4157 875 4241 perfeetum
901 4162 1083 4239 exspectes,
1106 4156 1290 4241 imperfecto
1319 4159 1477 4224 actionem

340 4262 388 4338 ita¹
407 4261 587 4326 incohatam
611 4281 680 4325 esse
697 4259 904 4342 significatur,
926 4268 963 4323 ut
977 4261 1137 4324 sententia
1153 4260 1308 4345 quaedam
1326 4262 1476 4327 eonativa

341 4365 374 4432 in
396 4365 580 4449 imperfecto
602 4363 707 4428 inesse
729 4363 883 4427 videatur.

447 4473 475 4539 1.
520 4470 628 4558 Atque
650 4467 770 4554 passivi
793 4467 921 4554 quidem
944 4464 1161 4556 imperfectum
1186 4467 1235 4535 his
1255 4470 1333 4535 locis
1348 4469 1475 4557 legitur,

342 4574 396 4647 ati
419 4574 597 4667 perisdem
621 4579 805 4661 exspectes:
