3224 5162
663 526 753 610 [rsr]
1234 533 1274 596 se

136 721 249 804 celeus,
272 719 355 806 quod
366 720 529 802 praesenti
547 738 665 804 quoque
683 720 883 802 pepercisset,
907 720 1056 784 caritates
1071 721 1137 784 eius
1155 770 1161 785 .
1180 771 1186 785 .
1206 769 1213 784 .
1235 710 1290 784 acl'

137 824 285 888 orientem
307 822 412 887 redire
434 824 533 887 tutius
554 823 724 906 inperauit.

390 1020 393 1025 ’
466 1025 491 1064 1¹¹.
519 1025 691 1066 SENTENTIAE
715 1023 949 1066 commessuris.

241 1133 292 1196 De
322 1132 550 1198 sententiarum
582 1132 845 1197 condicionalium
873 1154 933 1197 usu
966 1153 1035 1196 oum
1060 1129 1288 1200 Dederichsus'

138 1238 268 1324 egregie
292 1237 401 1320 egerit,
425 1236 506 1299 hanc
527 1257 596 1326 rem
617 1241 789 1300 retractare
812 1236 899 1302 uolo.

137 1428 172 1482 II.
190 1429 238 1480 DE
253 1426 586 1480 couluuoatouleus
598 1427 675 1480 CUM
686 1427 777 1480 soto
788 1427 1007 1481 INDICATIVO
1019 1427 1278 1482 CONSTRUGTIS.

240 1548 347 1615 Rara'e
369 1556 443 1612 sunt
466 1549 549 1632 apud
574 1548 778 1614 Ammianum
796 1570 853 1613 eae
875 1551 1054 1614 sententiae
1069 1551 1276 1616 secundariae

138 1650 412 1718 coniunctionibus
435 1652 646 1735 introductae,
670 1655 702 1716 iu
726 1655 840 1738 quibus
857 1653 971 1718 modus
989 1644 1206 1719 coniunctivus
1229 1654 1279 1718 in-

138 1756 265 1823 dicativi
296 1756 401 1820 locum
433 1757 562 1820 omnino
593 1777 748 1842 nusquam
781 1757 958 1841 usurpavit.
997 1757 1158 1832 Quattuor
1181 1759 1277 1844 parti·

139 1862 228 1925 culae
244 1861 332 1925 solae
346 1859 553 1924 indicativum
569 1881 692 1925 merum
710 1867 892 1925 servarunt:
909 1867 1090 1946 postquam,
1107 1861 1259 1947 quamdiu
1268 1884 1281 1943 ;

14 2015 16 2048 :
137 1966 296 2050 quereiam,
317 1965 404 2049 quia.
449 1962 501 2028 Ex
523 1964 571 2027 his
594 1965 747 2049 quamdiu
766 1971 798 2030 et
818 1965 892 2050 qaia
916 1985 1042 2052 semper
1065 1986 1136 2029 oum
1160 1965 1278 2029 indica·

137 2067 201 2131 tivo
227 2069 470 2152 coniunguntur,
490 2075 658 2153 postquam
681 2075 713 2158 st
736 2071 882 2154 quereiam
907 2069 1039 2153 singulis
1055 2073 1180 2133 tantum
1198 2069 1277 2133 locis

139 2191 209 2235 cum
233 2171 444 2236 coniunctivo.
556 2210 558 2215 ,

489 2375 516 2414 Α.
539 2375 710 2416 SENTENTIAE
729 2373 920 2416 admonentes.

242 2487 270 2550 l.
305 2483 479 2568 Postquam
509 2483 697 2568 particulam
726 2482 912 2567 plerumque
942 2484 1133 2567 perfecti
1163 2485 1276 2550 indi-

137 2590 305 2654 cativus
329 2590 490 2674 sequitur:
516 2592 564 2653 16.
582 2590 631 2671 10,
649 2590 689 2652 20
711 2588 822 2674 quibus
835 2590 974 2672 percitus
991 2591 1171 2654 tricensimo
1189 2597 1276 2674 post·

14 2671 16 2686 Ι
137 2714 231 2779 quam
253 2695 416 2777 impressus
437 2701 482 2757 est
496 2694 547 2757 die
563 2741 570 2757 .
586 2741 617 2755 ..
641 2692 680 2756 ab
702 2692 777 2756 urie
797 2692 960 2777 profectus
977 2743 984 2758 .
1002 2745 1009 2758 .
1030 2745 1037 2759 .
1060 2694 1094 2758 iu
1109 2693 1277 2776 illyricum

14 2845 15 2890 3
130 2797 306 2880 festinarit.
361 2796 495 2860 Poterat
536 2795 597 2861 hoc
637 2797 708 2860 loco
752 2795 1064 2881 plusquamperfecto
1109 2797 1154 2861 uti
1197 2797 1274 2861 Am-

136 2900 278 2982 mianus,
311 2915 407 2985 quem
439 2898 647 2963 differentiam
678 2900 781 2980 illam,
814 2920 896 2983 quae
927 2901 1011 2963 inter
1036 2899 1211 2983 perfectum
1245 2907 1276 2966 et

136 3002 485 3087 plusquamperfectum
516 3001 698 3086 intercedit,
729 3024 794 3068 non
824 3002 900 3067 satis
939 3022 1063 3066 curasse
1097 3001 1276 3070 docuimus.

137 3107 221 3172 Sene
234 3103 260 3169 is
278 3104 407 3188 quidem
422 3111 588 3191 postquem
601 3127 671 3170 cum
688 3105 1001 3192 plusquamperfecto
1014 3107 1126 3192 iungit,
1142 3109 1195 3172 ubi
1208 3131 1278 3195 per·

135 3207 254 3276 fectum
272 3209 509 3274 commendatur
528 3231 586 3273 usu
603 3209 737 3275 Liviana
757 3231 794 3273 ac
813 3209 968 3273 Tacitino.
1004 3207 1072 3275 Neo
1088 3210 1278 3276 dissimiliter

136 3314 324 3378 Ammianus
346 3313 491 3397 perfecto
515 3335 590 3377 usus
621 3320 671 3378 est
698 3314 760 3378 hoc
791 3333 918 3398 quoque
951 3313 1038 3378 loco:
1072 3315 1122 3379 20.
1156 3318 1205 3395 11,
1237 3317 1274 3378 11

134 3419 253 3482 decimo
274 3418 379 3502 itaque
398 3423 565 3501 postquam
586 3419 732 3501 stuprari
756 3423 896 3501 coeptum
919 3424 964 3481 est
991 3417 1050 3499 die,
1065 3469 1083 3496 ,.
1109 3469 1116 3484 .
1142 3469 1149 3483 .
1173 3425 1278 3484 traus-

132 3521 219 3600 ferri
238 3522 407 3604 placuerat
428 3520 537 3585 molem
560 3520 671 3586 arietis
692 3541 844 3606 maqaem
868 3518 926 3604 (=
945 3529 1118 3608 postquam
1141 3522 1276 3606 pugnari

136 3628 287 3708 coeptum
304 3628 381 3706 erat,
398 3621 552 3707 placuit);
573 3624 652 3690 conf.
664 3624 777 3690 etiam:
798 3627 845 3690 18.
860 3626 915 3702 7,1
936 3626 1109 3711 Postquam
1124 3645 1230 3708 repes.
1245 3676 1275 3692 ..

135 3727 292 3791 trausiere
313 3725 487 3805 laetissimi,
511 3777 519 3792 .
543 3775 551 3792 .
577 3778 584 3792 .
608 3729 795 3812 qaimimus3
822 3730 870 3793 16.
897 3731 946 3812 12,
971 3731 1012 3792 43
1035 3728 1090 3792 sed
1107 3733 1275 3814 postquam

134 3829 306 3894 comminus
327 3837 449 3894 reatum
473 3837 527 3914 est,
544 3831 756 3915 pupaabatur
775 3831 909 3916 paribus
934 3832 990 3896 diu
1012 3833 1182 3896 momeutis.

237 3931 362 3995 Duobis
385 3931 463 3996 locis
485 3940 651 4018 postquem
675 3955 745 3997 cum
769 3934 1076 4021 plusquamperfecti
1105 3934 1277 3999 indicativo

136 4035 344 4101 construitur:
361 4038 419 4121 14.
443 4037 473 4120 2,
501 4040 540 4100 12
561 4044 727 4122 postquam
750 4037 871 4103 adierat
890 4039 994 4121 timor,
1016 4039 1100 4102 eicos
1116 4038 1279 4122 opulentos

134 4139 243 4205 adorti
258 4186 266 4199 .
284 4189 316 4204 ..
341 4139 478 4224 diqressi
499 4147 587 4220 surit3
621 4142 670 4206 17.
698 4142 747 4220 12,
772 4145 811 4207 16
843 4141 1003 4226 imperabat
1027 4148 1131 4206 autem
1153 4162 1185 4206 se
1202 4148 1277 4227 post

133 4243 210 4308 haec
233 4244 391 4308 maximus
413 4263 565 4308 uumerus
594 4249 794 4308 catervarum
817 4294 825 4310 .
848 4293 856 4308 .
881 4292 906 4325 .,
932 4245 1083 4328 suspendi
1112 4246 1275 4331 uiaqutis

133 4347 200 4412 suis
223 4345 358 4430 placitos
373 4345 612 4430 obsecrantium,
638 4353 805 4432 postquem
826 4347 1027 4414 Araharium
1056 4350 1174 4433 impune
1205 4370 1275 4414 ceu·

130 4454 284 4536 perarmat
306 4447 495 4514 abscessisse.

238 4553 362 4618 Unicus
393 4552 446 4616 ille
479 4553 586 4632 locus,
621 4575 683 4640 quo
715 4555 1020 4642 plusquamperfecti
1054 4555 1275 4621 coniunctivus
