3224 5162
680 523 774 609 [165]
1259 531 1301 596 53

28 791 29 800 ¹
155 716 205 779 26.
228 718 259 798 8,
285 717 304 779 3
329 715 488 780 discedere
506 719 583 781 iarn
603 717 753 800 parabat,
785 740 855 783 curn
885 721 968 784 inter
996 721 1072 788 baec
1104 723 1206 787 clausi
1228 775 1234 788 .
1260 771 1266 786 .
1292 783 1301 802 ,

28 867 29 904 3
152 822 251 902 portis
274 822 424 904 eqressi„
449 871 456 885 .
482 871 489 885 .
510 821 727 906 properabant
749 822 899 887 ardenter
915 826 1162 893 circumventuri
1182 826 1300 892 Valen-

28 943 30 1008 1
155 931 220 988 um.
256 922 423 989 Habemus
446 923 509 988 hoc
524 926 597 989 loco
614 947 699 992 curn
714 947 743 1010 q.
760 925 790 990 d.
807 923 996 1011 inversum,
1011 930 1098 1015 quod
1115 930 1156 995 ab
1173 929 1298 1015 optimis

28 1067 30 1120 l
156 1026 363 1113 scriptoribus
401 1050 472 1092 cum
508 1029 640 1114 perfecti
678 1029 851 1095 indicativo
887 1034 1100 1099 consociatur.
1153 1032 1301 1100 Alterum

28 1151 29 1196 1
155 1133 339 1217 exemplum
365 1132 541 1218 particulae
573 1155 658 1198 cunc
686 1156 716 1220 q.
739 1131 919 1201 dimersi
942 1135 1017 1201 vide
1036 1137 1133 1203 infra
1165 1138 1301 1204 Duobus
1361 1207 1373 1224 ν

28 1237 30 1318 l
153 1236 200 1301 his
213 1235 268 1321 qui
281 1243 458 1321 sequuntur
470 1236 548 1302 locis
561 1236 784 1322 imperfectum
797 1239 991 1305 coniunctivi
1008 1239 1179 1306 indicativo
1197 1244 1300 1308 varie-

28 1394 29 1404 ,
155 1341 227 1405 tatis
251 1361 350 1404 causa
373 1339 574 1425 adiungitur:
608 1344 657 1406 19.
680 1344 711 1424 6,
736 1343 775 1406 13
811 1363 882 1407 cunc
904 1345 986 1408 inter
1017 1353 1179 1414 caesorum
1204 1345 1301 1410 coda-

28 1477 30 1534 1
155 1465 228 1510 vera
250 1447 415 1529 optinentes
438 1447 655 1512 invenirentur
676 1453 704 1510 et
726 1452 878 1529 satrapae
906 1446 1059 1512 clamores
1079 1447 1200 1513 dissoni
1225 1449 1300 1532 for-

28 1567 30 1630 1
153 1556 264 1613 tnnann
289 1599 296 1614 .
321 1599 328 1614 .
353 1597 361 1615 .
385 1549 579 1630 indicabant,
604 1551 706 1614 luctus
728 1549 839 1636 ubique
863 1602 869 1616 .
895 1601 903 1616 .
927 1598 935 1614 .
958 1549 1162 1633 audiebatur3
1193 1554 1245 1619 25.
1270 1555 1299 1632 9,

28 1697 30 1742 q
152 1655 261 1717 buna
290 1674 350 1721 vov
374 1661 560 1719 cunctorum
583 1661 652 1718 erat
682 1655 879 1737 pauentium,
910 1676 980 1720 curn
1009 1656 1166 1720 laceraret
1197 1659 1301 1722 crines

28 1744 29 1828 l
154 1766 300 1822 matrona
325 1808 332 1822 .
358 1805 365 1821 .
388 1805 396 1822 .
421 1757 590 1843 orbataque
613 1765 714 1822 mater
731 1807 738 1822 .
756 1808 763 1822 .
782 1803 789 1818 .
810 1759 990 1842 pelleretur,
1022 1766 1051 1823 ct
1073 1757 1166 1824 turba
1184 1760 1299 1840 flebilis

155 1859 432 1927 ...lacrimabut
477 1860 541 1925 Ubi
565 1883 639 1925 cum
660 1860 838 1946 imperfecti
860 1861 1023 1927 indicativi
1047 1863 1159 1946 procul
1182 1877 1203 1926 a
1230 1885 1300 1930 cum

28 1967 29 2008 l
152 1965 270 2029 remoti
285 1965 360 2045 sint,
382 1963 572 2030 Ammianus
589 1965 789 2046 coniunctim,
813 1986 908 2051 quem
924 1986 1045 2051 ponere
1060 1965 1209 2050 debebat,
1230 1967 1300 2032 'fere

154 2067 271 2133 oblitus
295 2066 423 2132 videtur
447 2088 526 2133 esse.
1122 2079 1126 2088 “
1204 2086 1209 2092 ·
1281 2082 1283 2086 ·

28 2233 29 2248 ,
254 2173 286 2237 3.
325 2170 575 2236 Perfectum
605 2170 832 2236 indicativi
863 2171 963 2236 tribus
987 2171 1065 2242 locis
1087 2172 1221 2257 legitur:
1248 2177 1298 2243 16.

28 2301 29 2304 “
156 2277 203 2355 12,
224 2276 266 2339 20
289 2295 367 2360 quos
391 2294 485 2339 curn.
510 2324 518 2340 .
543 2325 550 2340 .
576 2285 762 2359 conspectore
785 2275 941 2356 ductores,
963 2282 1132 2353 steterunt3
1158 2279 1208 2342 19.
1233 2279 1298 2359 at

154 2395 279 2464 nmque
297 2380 549 2464 propinquantes
579 2379 623 2444 ad
654 2382 825 2444 coniectum
854 2399 962 2444 venere
990 2379 1122 2444 telorum
1154 2401 1299 2464 ...pc-

154 2482 231 2548 ditcs
253 2527 261 2543 .
286 2533 294 2548 .
319 2535 325 2548 .
348 2483 504 2546 lavarunt
527 2484 639 2562 acieu3
664 2485 714 2548 23.
742 2486 770 2562 6,
796 2481 1188 2568 1,·8811111111111111
1216 2482 1299 2547 banc

153 2594 271 2670 pentem
295 2633 302 2649 .
328 2635 336 2651 .
360 2633 367 2648 .
391 2589 553 2651 aerumnis
575 2589 722 2651 matianis
745 2589 936 2652 inminutam
963 2586 1070 2668 prirnv
1100 2605 1158 2668 per
1180 2584 1298 2670 Opruru

155 2741 162 2756 .
187 2740 195 2756 .
218 2737 226 2754 .
251 2688 434 2772 (8111111111
458 2698 527 2754 curn
550 2689 679 2754 Dareus
699 2699 866 2775 posteaque
888 2689 1011 2756 Xeraes
1034 2687 1205 2754 Graeciam
1226 2737 1233 2751 .
1257 2737 1264 2754 .
1290 2739 1298 2756 .

154 2795 299 2878 adpressi
322 2795 441 2858 cunctis
462 2813 561 2877 paene
585 2797 682 2878 copiis
704 2839 711 2855 .
736 2843 743 2859 .
767 2843 775 2858 .
800 2795 993 2877 consumptis
1016 2793 1070 2856 viu
1099 2794 1163 2876 ipsi
1195 2800 1298 2858 tuturn

154 2900 295 2964 invenere
328 2897 508 2962 discessura.
563 2896 773 2962 scribendum
805 2902 874 2960 erat
903 2896 1095 2960 invenissent¹
1121 2899 1233 2979 utpote
1264 2895 1296 2960 in

155 3001 299 3068 oratione
323 3000 468 3087 obliqua3
503 2999 560 3066 sed
588 3001 621 3067 in
643 3007 734 3066 tanto
758 2999 930 3066 verborum
960 2999 1081 3066 ambitu
1111 2998 1172 3064 hoc
1203 2998 1296 3064 facile

154 3105 333 3172 excusabis.
788 3117 791 3124 ’

257 3213 286 3273 4.
319 3208 505 3274 Perfecti
532 3208 839 3273 coniunctivus
869 3210 947 3274 item
979 3213 1028 3272 ter
1058 3208 1126 3271 viee
1155 3206 1300 3291 fungitur

153 3313 473 3400 plusquamperfecti:
497 3316 546 3379 14.
573 3315 646 3396 7,9
678 3311 913 3377 mandabat...
936 3319 971 3375 ut
1003 3332 1074 3375 curn
1104 3312 1139 3375 in
1168 3308 1300 3390 Spriarn

154 3420 290 3499 venerit,
324 3415 453 3482 Gallum
478 3467 485 3482 .
510 3464 550 3482 ..
587 3415 822 3494 dehortaretur3
859 3416 911 3480 23.
946 3416 982 3497 2,
1016 3417 1035 3478 6
1066 3413 1119 3478 ubi
1148 3434 1219 3477 curn
1249 3414 1298 3476 in-

154 3523 306 3588 troierit.
331 3572 338 3586 .
363 3571 371 3586 .
392 3528 516 3605 portas,
541 3567 549 3584 .
574 3571 582 3585 .
606 3569 613 3584 .
637 3522 771 3585 sinistra
796 3521 942 3602 porticus
971 3517 1071 3583 subito
1103 3518 1233 3600 lapsa.
1258 3565 1265 3580 .
1290 3567 1298 3584 .

155 3627 384 3710 quinquaqinta
412 3626 526 3690 uilitas
554 3677 561 3690 .
595 3674 602 3688 .
632 3675 640 3690 .
672 3624 811 3702 conlisit3
846 3625 897 3687 24.
931 3623 970 3705 1,
1004 3624 1017 3684 1
1055 3620 1118 3686 Sed
1150 3619 1299 3685 bactenns

157 3728 395 3813 responderunt,
419 3730 508 3817 'quod
530 3751 600 3794 cunr
620 3730 775 3794 interiora
806 3727 1028 3811 occupaverint
1052 3776 1060 3790 .
1086 3776 1093 3790 .
1118 3773 1126 3790 .
1149 3723 1297 3806 Rotnani,

156 3853 184 3897 se
206 3851 325 3919 quoque
349 3882 356 3897 .
381 3883 388 3898 .
415 3882 422 3897 .
447 3832 616 3898 victoribus
638 3850 823 3897 accessuros
847 3828 903 3913 (cf.
926 3848 1001 3913 pag.
1026 3827 1091 3909 22).

257 3938 287 4002 5.
323 3936 745 4023 Plusquamperfecti
775 3933 1038 4000 indicativus
1071 3933 1169 4001 semel
1191 3931 1298 3996 locum

155 4038 289 4124 perfecti
311 4039 476 4106 indicativi
497 4047 572 4126 post
594 4062 664 4106 cnm
695 4034 871 4104 ‘inversum'
900 4035 1044 4100 obtinet:
1075 4036 1180 4114 211,
1206 4039 1219 4097 1
1245 4036 1298 4100 via

154 4143 217 4208 dies
239 4146 438 4210 intercessore
457 4147 566 4228 pauci,
589 4165 659 4209 curn
681 4143 938 4208 Mamertinum.
964 4189 971 4204 .
996 4189 1004 4205 .
1028 4139 1200 4207 Avitianus
1223 4187 1230 4202 .

152 4247 316 4332 peculatus
339 4248 494 4314 detulerat
515 4269 605 4314 reurn
627 4247 683 4329 (=
703 4248 760 4312 vix
782 4247 1035 4326 intercesserant,
1059 4263 1133 4308 cum
1156 4239 1296 4326 detulit).

257 4351 355 4416 VIII.
400 4350 662 4417 Sententiae
689 4349 941 4415 iterativae.

257 4453 445 4519 Sententiae
467 4453 634 4520 iterativae
657 4458 731 4518 sunt
753 4453 806 4517 vel
821 4449 1055 4519 condicionales
1072 4447 1132 4535 (si)
1151 4447 1201 4512 vel
1218 4452 1296 4512 tem·

155 4557 278 4644 porales
301 4556 398 4643 (cum,
414 4561 452 4642 si,
467 4558 530 4641 ubi,
548 4561 675 4645 quotics,
697 4555 747 4641 ut)
765 4557 815 4621 vel
829 4554 981 4620 relativae
999 4555 1076 4642 (qui,
1096 4550 1294 4640 quicunque).
