3224 5162
705 501 794 590 [nc]
1296 507 1313 573 r

179 716 285 781 noque
309 695 337 759 iu
363 694 533 761 indicativo
556 697 732 781 pracsentis
755 697 839 781 quorl
866 696 979 761 dicitur
1001 697 1149 763 historici.
1196 697 1314 763 Contra

179 800 220 864 ab
244 822 303 868 usu
327 822 443 865 aureae
466 800 630 864 latinitatis
656 801 843 865 Ammianus
865 801 897 863 iu
922 800 1109 885 usurpandis
1138 801 1314 867 indicativis

179 903 356 990 imperfecti
380 913 412 968 et
434 903 737 992 plusquamperfecti
763 905 893 969 recedit.
940 905 1080 968 Maxime
1107 914 1214 970 autem
1236 905 1313 970 illud

180 1017 228 1072 est
252 1009 403 1073 memoria
425 1008 568 1093 dignum,
593 1008 677 1094 quod
699 1009 783 1072 haud
800 1008 879 1072 levis
895 1009 979 1092 apud
997 1010 1199 1072 Ammiauum
1216 1010 1313 1073 iuter-

179 1111 262 1176 oedit
286 1110 465 1177 differentia
488 1113 569 1176 inter
592 1119 742 1198 quattuor
765 1111 819 1174 illa
844 1121 988 1196 tempora
1009 1111 1183 1176 secundum
1199 1112 1313 1176 verbi

168 1215 264 1311 ¹quod
298 1224 433 1280 vocatur
466 1239 607 1300 genus.
663 1216 791 1280 Etenim
827 1216 884 1280 ubi-
915 1217 1040 1300 passiva
1074 1217 1179 1302 aliqua
1211 1217 1315 1280 forma

177 1327 359 1404 usurpatur,
382 1319 508 1406 saepius
537 1327 705 1404 praesente
735 1320 786 1386 vel
818 1319 1004 1404 imperfecto
1035 1341 1109 1384 usus
1141 1326 1188 1384 cst
1219 1341 1313 1404 quam

178 1423 328 1510 perfecto.

494 1608 520 1673 a)
551 1606 775 1664 PuarucTUM
806 1605 998 1660 someron.

282 1737 464 1803 Perfectum
490 1759 636 1802 ererum
660 1737 863 1822 scriptoribus
885 1736 1055 1821 praecipue
1078 1737 1217 1820 ponitur,
1242 1759 1312 1801 cum

179 1863 231 1906 res
255 1850 361 1926 gestas
383 1849 528 1920 narraut3
560 1841 766 1926 quamobrem
796 1841 970 1926 perfectum
997 1841 1180 1904 historicum
1204 1841 1313 1924 appel·

177 1947 271 2010 latur.
317 1945 430 2010 Differt
453 1957 558 2010 autem
591 1946 632 2009 ab
663 1943 849 2030 imperfecto
881 1965 930 2025 co,
963 1944 1047 2028 quod
1080 1945 1140 2009 lroc
1172 1946 1312 2008 actiones

177 2050 365 2136 praeteritas
389 2056 551 2135 tamquam
576 2051 665 2126 tales,
689 2069 771 2134 qnae
787 2049 875 2132 liant,
899 2048 1024 2127 durent,
1048 2057 1247 2132 repetantur,
1272 2049 1312 2112 ad

180 2155 273 2219 aliam
298 2154 456 2219 actionem
487 2153 677 2236 referantur,
709 2151 884 2238 perfectum
918 2159 1076 2236 tamquam
1111 2153 1200 2231 tales,
1232 2174 1313 2237 quae

179 2259 283 2322 factae
306 2259 379 2339 sint,
410 2260 514 2322 animo
538 2256 696 2340 proponit.
742 2257 924 2321 Perfectum
957 2255 1054 2339 igitur
1086 2257 1237 2340 imprimis
1268 2256 1314 2320 in·

181 2363 280 2426 servit
302 2359 341 2426 ad
366 2383 419 2426 aas
442 2384 493 2426 res
517 2361 734 2445 exponendas,
758 2381 839 2444 quae
862 2367 918 2424 aut
938 2361 1001 2424 cito
1016 2359 1177 2445 perfectae
1198 2367 1253 2425 aut
1269 2362 1313 2424 ita

180 2473 382 2551 comparatae
399 2475 482 2547 suut,
499 2473 534 2529 ut
550 2465 735 2529 duraverint
747 2486 856 2544 necne,
875 2463 951 2526 nihil
964 2464 1096 2528 intersit.
1121 2464 1312 2548 Saepissime

180 2576 286 2634 autem
303 2569 473 2654 perfectum
490 2577 522 2634 et
535 2589 685 2654 praeseus
701 2570 884 2634 historicum
898 2569 1076 2652 promiscue
1089 2567 1130 2631 ab
1143 2569 1312 2632 Ammiano

178 2675 254 2758 poni
276 2672 359 2736 inira
381 2673 440 2738 sub
464 2673 498 2754 b)
523 2693 691 2757 exponam.
731 2672 824 2737 Nunc
840 2672 992 2738 nonnulla
1007 2671 1135 2735 afferam
1155 2673 1313 2756 exempla,

179 2777 238 2841 ubi·
258 2777 430 2863 perfectum
454 2785 486 2843 et
509 2777 727 2861 imperfectum
750 2778 834 2842 inter
857 2799 891 2840 se
914 2777 957 2840 ita
981 2776 1148 2839 coniuncta
1170 2783 1253 2857 sunt,
1278 2781 1313 2840 ut

179 2881 302 2945 diversa
325 2882 439 2947 horum
463 2889 644 2966 temporum
668 2883 714 2944 vis
737 2881 813 2945 scite
839 2881 1041 2944 observetur:

282 2987 331 3050 18.
356 2989 385 3068 2,
411 2989 425 3049 1
451 2985 648 3050 haerebat
671 2987 788 3049 anxins
810 3006 872 3068 qna
901 2986 932 3048 or'
964 3035 1003 3049 ..
1030 3035 1036 3048 .
1070 2989 1174 3048 terres
1206 3003 1315 3048 eornrn

176 3090 339 3154 incederet
360 3091 551 3174 repentinas,
574 3089 746 3174 seditque
769 3089 893 3152 tandern
1002 3088 1037 3152 id
1060 3094 1212 3170 temptare
1234 3087 1315 3172 qnool

179 3194 255 3256 ntile
280 3193 425 3277 probauit
455 3199 599 3275 ercntns;
650 3195 701 3258 20.
723 3195 752 3274 9,
778 3195 796 3255 3
829 3191 1000 3256 Perculsus
1031 3199 1134 3256 tornea
1167 3191 1316 3255 ardenter

179 3298 375 3360 annotatione
396 3297 688 3380 strinpebatnr
708 3295 858 3379 arnbipna
876 3347 883 3361 .
901 3346 908 3360 .
927 3346 933 3360 .
949 3295 1166 3374 haesitansque
1182 3293 1238 3357 din
1255 3345 1262 3357 .
1280 3344 1287 3358 .
1306 3344 1312 3358 .

170 3399 318 3482 fl'esns
340 3407 398 3464 est
421 3400 618 3482 enarrandam
642 3401 795 3464 sententia
819 3450 825 3464 .
845 3448 876 3463 ..
901 3405 929 3462 et
951 3399 1010 3462 iter
1034 3397 1180 3461 orientem
1207 3417 1315 3462 rersns

178 3503 318 3568 adierit.
372 3507 424 3570 31.
452 3509 478 3586 1,
506 3511 540 3586 13
580 3507 631 3569 31.
661 3506 707 3582 10,
735 3506 789 3585 12;
827 3505 878 3568 23.
910 3506 938 3580 5,
969 3504 987 3564 8
1018 3519 1076 3582 qno
1106 3502 1204 3564 oraine
1235 3503 1316 3565 oelnt

179 3608 308 3671 certiore
330 3610 393 3672 ianr
417 3629 469 3691 spe
492 3615 594 3672 statas
616 3609 828 3692 prosperioris
854 3607 955 3671 elatns
984 3606 1177 3669 ennltnntr'ns
1206 3607 1316 3670 ince-

179 3709 275 3774 deba
286 3717 315 3791 t,
338 3712 391 3776 secl
407 3712 526 3775 incerto
544 3712 621 3792 fata
633 3712 787 3794 fortnnae
802 3711 956 3774 aliorsnnr
971 3729 1098 3791 prora
1102 3711 1166 3792 pit
1181 3715 1313 3774 evenias.

286 3813 354 3878 Iam
379 3815 419 3879 de
441 3816 593 3898 singulari
617 3814 755 3898 quodam
780 3813 872 3877 huius
896 3814 1049 3896 temporis
1076 3834 1133 3876 usu
1164 3814 1239 3876 mihi
1271 3812 1315 3877 di·

179 3916 314 3982 cendum
347 3928 405 3984 est.
451 3919 553 4002 Saepe
585 3921 669 3982 cuim
701 3917 875 4003 perfectum
908 3915 1092 3980 historicum
1124 3916 1315 3981 collocatum

178 4021 322 4105 legimus,
339 4023 394 4086 ubi
410 4022 524 4086 rectius
542 4020 888 4106 plusquamperfectum
903 4019 1088 4104 ponendum
1105 4028 1182 4083 erat.
1223 4021 1314 4095 Quod

179 4125 364 4189 Ammianus
396 4126 436 4189 de
467 4124 623 4189 industria
655 4125 768 4188 fecisse
800 4123 934 4202 videtur,
968 4129 1085 4207 utres
1118 4125 1314 4207 praeteritas,

178 4248 260 4313 quae
283 4236 355 4292 aute
378 4230 456 4293 alias
486 4250 603 4314 easque
638 4227 795 4312 perlectas
827 4235 917 4291 actae
950 4230 1036 4308 suut,
1067 4231 1227 4308 tamquam
1259 4244 1316 4310 pcr

177 4335 503 4416 repraesentationem
528 4339 648 4397 mutato
672 4338 816 4416 tempore
844 4331 950 4394 auimo
982 4336 1090 4394 nostro
1120 4337 1314 4413 proponeret

181 4436 297 4500 omissa
319 4445 406 4501 recta
422 4443 600 4520 temporum
618 4435 749 4500 ratione.
790 4433 995 4517 Quapropter
1010 4433 1124 4498 eadem
1139 4432 1205 4496 lere
1220 4433 1315 4494 iuter·

177 4539 263 4604 cedit
296 4539 474 4604 differentia
509 4539 592 4604 inter
628 4538 804 4623 perlectum
843 4536 1027 4601 historicum
1066 4543 1098 4602 et
1135 4537 1316 4622 plusquam-
