3224 5162
1231 531 1277 600 059

132 725 204 808 ipsu
236 726 304 790 2222
336 726 516 790 discrimine
547 724 635 790 adiri
668 724 786 789 222222.
812 773 819 789 .
845 725 973 806 ,posent
1009 742 1062 788 nee
1085 721 1279 806 precedebat

24 905 25 926 Χ
132 829 235 898 ullum
260 829 451 894 obsidionale
473 835 675 892 conuentum
698 829 809 904 2222222
831 827 992 910 excedunt.

24 1011 25 1038 ¹
239 935 270 999 2.
304 932 467 1020 Particula
496 932 604 1017 qued
634 930 728 996 medo
758 951 776 994 e
807 931 911 996 verbis
942 930 1116 996 affectuum
1145 927 1275 1014 pendet,

23 1107 24 1134 ¹
130 1035 228 1100 mode
252 1037 460 1122 praecedenti
482 1034 632 1099 adverbio
656 1035 725 1099 ideo
755 1036 806 1098 vel
836 1027 873 1099 eu
903 1056 938 1099 22
967 1035 1159 1119 respoudet;
1193 1052 1274 1118 qnae

23 1145 24 1176 ¹
132 1125 302 1204 eorreletio
325 1139 379 1204 ubi
402 1141 446 1222 fit,
471 1129 616 1203 omuibus
637 1131 717 1203 'loeis
740 1137 929 1202 indicativus
950 1139 986 1182 ’-’-
1009 1139 1198 1224 plerumque
1220 1137 1277 1200 im-

132 1229 269 1325 perfecti
295 1281 332 1291 -
358 1232 483 1309 exstet:
512 1243 581 1307 ideo
604 1243 702 1328 qued:
728 1245 776 1306 16.
799 1245 830 1321 4,
855 1245 891 1324 1;
922 1245 972 1308 30.
997 1245 1027 1322 l',
1044 1244 1080 1325 63
1112 1243 1163 1307 30.
1181 1243 1216 1322 6,
1238 1242 1276 1322 53

22 1333 23 1390 l
128 1333 194 1411 Ι222
216 1335 341 1434 ratione
362 1348 463 1434 qued:
488 1349 537 1412 16.
565 1351 593 1428 1,
617 1349 654 1429 53
678 1366 716 1410 22
735 1345 772 1410 're
794 1346 894 1433 quod:
919 1349 968 1411 16.
993 1348 1083 1429 t,'4;
1109 1343 1160 1410 12.
1183 1345 1213 1425 9,
1238 1345 1276 1426 6'3

21 1529 22 1540 ,
134 1452 184 1516 re.
209 1451 239 1529 3,
264 1453 301 1534 c;
334 1455 383 1518 19.
409 1455 439 1535 2,
465 1453 523 1534 103
555 1453 763 1533 2c.11,13;
794 1452 844 1514 21.
876 1453 926 1532 13,
962 1449 1018 1529 re,
1049 1451 1100 1514 er.
1134 1450 1186 1530 10,
1219 1450 1275 1530 133

21 1545 22 1594 ³
132 1541 184 1619 22.
209 1559 240 1638 4,
261 1543 301 1636 '73
332 1561 360 1634 5,
384 1557 421 1635 e;
454 1545 483 1634 2,
506 1557 565 1638 203
596 1557 647 1619 22.
671 1551 700 1631 c,
733 1553 789 1637 173
821 1557 871 1636 10,
894 1556 928 1634 83
960 1557 1012 1619 22.
1036 1556 1065 1634 2,
1089 1555 1129 1636 4,
1159 1555 1212 1619 22.
1244 1550 1275 1634 3,

20 1659 22 1728 l
133 1658 168 1740 43
192 1661 223 1743 6,
249 1659 304 1741 193
329 1659 380 1724 30.
406 1661 436 1742 7,
459 1659 496 1740 2;
519 1679 557 1722 22
580 1677 613 1722 22
635 1658 735 1743 qued:
758 1660 811 1723 23.
835 1659 865 1740 4,
890 1660 918 1723 7.
1130 1667 1134 1674 “

20 1759 21 1784 ³
238 1757 303 1826 Ubi
325 1751 435 1826 autem
457 1762 541 1846 qued
570 1762 668 1826 rerba
694 1760 866 1826 affectuum
897 1762 1052 1846 sequitur,
1083 1760 1275 1826 Ammianus

19 1919 21 1936 ,
133 1853 265 1930 similem
290 1866 442 1950 temporis
467 1873 499 1931 et
521 1865 608 1930 modi
632 1886 723 1930 usum
746 1866 890 1949 sequitur
913 1866 1079 1952 etque'ille
1099 1872 1157 1947 est,
1177 1885 1274 1950 quem

19 1939 21 1962 ’
133 1968 191 2033 sibi
214 1965 384 2053 proposuit
406 1968 437 2032 in
461 1970 636 2052 sententiis,
660 1990 743 2055 quae
773 1991 792 2034 2
819 1971 975 2053 particule
1005 1971 1089 2056 qued
1117 1966 1273 2054 incipiunt

19 2099 20 2108 ¹
134 2075 165 2133 et
186 2070 295 2134 locum
317 2073 489 2136 accusativi
514 2073 587 2138 cum
609 2074 765 2138 infinitivo
798 2081 920 2140 teuent.
966 2075 1160 2158 Plerumque
1191 2074 1274 2159 qued

18 2181 20 2270 ζ
134 2163 210 2238 2222
236 2175 476 2242 indicativo
506 2173 719 2261 coniungitur.
769 2177 886 2261 Neque
918 2183 1023 2242 tamen
1056 2176 1171 2242 desunt
1200 2178 1273 2259 leei,

17 2309 19 2362 3
133 2277 247 2360 quibus
272 2282 578 2347 coniunctivum
599 2283 756 2366 legamus,
776 2283 803 2347 si
825 2283 857 2346 in
882 2281 1100 2348 enuntiatione
1122 2281 1271 2366 primaria

17 2425 18 2460 ,
132 2374 259 2468 tempus
284 2384 489 2468 praeteritum
516 2390 633 2465 exstet,
662 2408 725 2471 qua
753 2386 785 2449 in
817 2407 852 2450 re
882 2385 1040 2450 Graecum
1070 2407 1163 2450 usum
1194 2386 1272 2450 Am·

16 2567 17 2586 ¹
130 2486 254 2551 mienus
277 2487 446 2554 manifesto
469 2491 513 2554 ite
536 2490 687 2571 imitatur,
719 2496 756 2555 ut
779 2489 1013 2555 coniunctivum
1046 2490 1191 2575 optativo
1223 2511 1272 2554 re·

16 2633 17 2640 .
130 2588 343 2673 spondentem
362 2592 468 2658 faciat.
512 2587 646 2658 Accedit
669 2592 755 2678 quod
765 2592 956 2659 'consecutio
974 2598 1154 2677 temporum
1175 2592 1271 2676 vulgo

16 2685 17 2696 ³
130 2683 302 2760 observate
331 2717 461 2780 prorsus
493 2699 687 2782 neglegitur:
720 2697 950 2782 Imperfectum
982 2697 1150 2762 enimvel
1182 2695 1269 2780 plus·

131 2799 407 2884 quemperfectum
430 2803 621 2867 coniunctivi
644 2802 783 2886 ponitur,
806 2803 832 2865 si
855 2801 887 2865 in
910 2801 1054 2864 oratione
1079 2799 1198 2866 directa
1213 2803 1271 2865 im·

129 2903 323 2988 perfectum
333 2905 388 2971 vel
417 2902 767 2991 plusquamperfectum
798 2904 963 2969 indicativi
993 2903 1086 2968 scribi
1117 2905 1267 2989 oportuit,

129 3007 251 3092 perfect
254 3029 305 3072 um
329 3010 519 3075 coniunctivi
542 3031 600 3095 pro
623 3009 764 3114 perfecte
731 3007 908 3074 toindicut'
886 3010 945 3074 turi
961 3011 1030 3072 oret
1031 3007 1113 3072 ionis
1128 3007 1230 3122 direct
1217 3014 1270 3075 222

127 3117 264 3197 usurpet
266 3133 314 3178 ur
805 3133 807 3138 ’

232 3214 391 3303 Exempla
412 3218 490 3284 haec
513 3220 630 3284 hebes:

232 3311 517 3388 Indicetivus:
551 3326 599 3388 14.
622 3326 653 3406 2,
678 3321 819 3389 1222..
833 3323 1230 3405 222292222222222222..
1243 3370 1269 3405 .,

127 3410 280 3509 qued...
297 3426 436 3492 ,2522222
410 3435 540 3492 222222

233 3513 545 3596 Coniunctivus
567 3529 828 3616 imperfecti:
848 3531 904 3595 1.4
927 3531 978 3613 10,
995 3528 1189 3594 3222222222
1211 3529 1268 3594 222

127 3616 253 3697 2222222
228 3641 302 3714 2,222
333 3634 416 3720 quod
442 3627 499 3699 222
529 3633 670 3700 subsidia
702 3634 829 3700 2222222
858 3641 1071 3718 suppeterent,
1043 3631 1153 3698 215
1186 3634 1216 3712 3,
1248 3634 1267 3697 6

128 3723 362 3823 emerebantque
386 3738 470 3802 docti
445 3738 637 3839 tqutdutn,
668 3733 751 3844 qued
779 3737 867 3820 apud
889 3736 1025 3800 Atulunt
1013 3743 1074 3799 2222
1102 3737 1173 3800 nuti
1203 3756 1268 3800 non

126 3849 240 3924 essent,
264 3845 316 3908 20.
340 3843 428 3924 4,13
451 3833 570 3924 inuecti,
593 3843 676 3928 qued
698 3839 749 3906 222
765 3838 1084 3960 fortuneque'edurn
1102 3839 1269 3903 inclemens

127 3890 415 4038 ...2222222222

232 4047 548 4116 022222222222
571 4045 778 4135 perfecti.
804 4052 854 4114 14.
879 4049 907 4128 7,
927 4048 982 4110 14
988 4047 1094 4109 iratus
1115 4048 1291 4140 nt'rnt'rurnr

126 4152 208 4237 qued
231 4201 237 4217 .
262 4201 270 4216 .
293 4206 299 4220 .
320 4153 543 4238 praefectum.
561 4205 594 4220 ..
617 4156 763 4219 iusserim
786 4149 955 4230 custodiri3
981 4150 1030 4212 16.
1052 4151 1139 4228 5,12
1161 4150 1268 4237 nisque

125 4257 261 4348 indipne
279 4243 355 4341 peti
374 4243 581 4344 querentibus,
603 4259 686 4345 qued
707 4279 771 4322 nen
787 4259 828 4322 222
842 4261 942 4318 none
954 4254 1117 4337 multatus,
1138 4276 1267 4339 respon-

126 4359 233 4441 derut3
263 4345 318 4428 21.
355 4362 404 4440 13,
429 4363 446 4424 7
478 4362 596 4428 2222222
624 4357 687 4428 222
716 4357 962 4440 sustentabatur,
993 4357 1076 4443 quod
1104 4361 1266 4427 intestinos

125 4483 246 4556 2222222
269 4466 467 4549 superaverit
488 4473 605 4546 notum
629 4467 680 4532 28.
704 4471 735 4549 2,
753 4469 771 4531 9
794 4466 830 4536 td
853 4466 1059 4539 conmeruieee
1074 4487 1165 4544 22222
1183 4473 1267 4547 iudi.

126 4574 216 4632 22222
238 4569 383 4648 arbitrio,
406 4569 489 4654 quod
512 4575 644 4640 22222222
666 4576 765 4657 selue,
792 4569 846 4643 22.
869 4569 898 4660 4,
922 4581 952 4645 6.
