3224 5162
664 529 756 614 [151]
1005 477 1007 482 ι
1232 538 1272 600 aa
1374 527 1377 532 ’

385 720 409 772 2.
446 720 493 772 DE
512 721 790 774 CONSllCU'l'IONE
812 721 1027 777 Taurunum.

244 823 511 920 Consecptionem
534 831 712 908 temporum
735 825 957 892 Ammianeam
982 829 1048 893 fieri
1080 850 1144 893 nou
1168 837 1273 914 potest

138 933 175 990 ut
208 935 386 1012 separatam
426 934 659 1012 perscrutemur
696 936 792 1015 atque
823 951 1021 1015 exponamus
1053 954 1072 997 a
1106 933 1273 998 modorum

140 1053 211 1108 usu,
233 1053 302 1096 cum
327 1033 512 1115 praesertim
537 1054 612 1098 usus
628 1041 805 1118 temporum
823 1042 855 1099 et
872 1036 1038 1100 modorum
1054 1037 1087 1100 in
1103 1037 1274 1103 enuntiatis

137 1136 334 1200 secundariis
365 1141 428 1200 tarn
450 1143 520 1201 arte
552 1135 635 1202 inter
665 1158 699 1203 se
730 1139 935 1220 cohaereant,
967 1147 1003 1202 ut
1035 1139 1097 1204 hoc
1127 1139 1274 1223 neglecto

117 1224 219 1304 'alter
242 1245 326 1304 recte
350 1239 494 1323 intellegi
515 1249 665 1324 nequeat.
712 1240 914 1326 Quapropter
938 1242 1086 1312 maluiin
1105 1242 1185 1307 libro
1201 1266 1275 1330 pro·

138 1342 225 1407 ximo
258 1364 324 1406 rem
347 1327 494 1408 continua
523 1343 666 1410 oratione
697 1351 902 1428 pertractare,
934 1345 979 1410 eis
1002 1353 1107 1410 tamen
1139 1346 1273 1428 omissis,

139 1467 222 1531 quac
244 1447 309 1510 iam
338 1467 436 1531 supra
466 1466 539 1530 pag.
567 1449 689 1512 16-22
722 1435 891 1532 disputavi,
925 1448 979 1513 ubi
1011 1448 1052 1515 de
1083 1449 1276 1514 coniunctivi

137 1551 431 1635 repraesentatione
466 1549 633 1616 disserui.'
667 1551 717 1616 Ibi
750 1553 848 1636 igitur
882 1553 1009 1638 singula
1047 1553 1275 1619 sententiarum

138 1675 257 1736 genera
289 1677 473 1741 percurram
507 1663 539 1720 et
573 1675 665 1740 quem
704 1655 867 1722 modorum
904 1665 936 1722 et
971 1667 1149 1742 temporum
1182 1679 1273 1722 usum

139 1759 329 1824 Ammianus
352 1768 480 1824 secutus
504 1759 546 1824 sit
570 1759 745 1826 ostendam.

244 1865 433 1949 Priusquam
456 1872 566 1929 autem
588 1862 628 1927 ad
651 1884 716 1927 rem
740 1864 841 1949 ipsam
864 1864 992 1949 accedo,
1016 1866 1178 1948 nonnulla,
1196 1886 1276 1951 quae
1370 1869 1372 1876 ’

140 1968 233 2034 facile
256 1969 307 2032 hic
330 1966 452 2032 absolvi
475 1974 618 2052 possunt,
650 1967 787 2034 breviter
810 1989 981 2053 exponam.
1026 1969 1212 2035 Ammianus
1243 1969 1275 2058 in

139 2073 321 2138 universum
360 2093 429 2138 eam
468 2079 649 2158 temporum
686 2073 937 2138 convenientiam
976 2075 1144 2153 observat,
1180 2093 1274 2159 quam

140 2196 257 2241 aureae
286 2173 402 2242 aetatis
431 2176 620 2260 scriptorum
650 2176 821 2242 auctoritas
852 2178 963 2242 statuit
992 2184 1023 2242 et
1060 2177 1277 2261 confirmavit3

142 2300 204 2346 uon
230 2302 301 2345 raro
318 2289 425 2346 temen
441 2279 555 2346 Graeci
572 2282 723 2346 sermonis
739 2303 831 2346 usum
849 2282 982 2347 orationi
997 2283 1161 2361 immiscet,
1180 2293 1276 2367 saepe

142 2385 315 2469 vulgarem,
339 2383 496 2450 interdum
521 2385 616 2450 etiam
639 2387 783 2471 proprias
806 2385 866 2450 sibi
882 2388 970 2471 leges
986 2386 1159 2451 consttuit.
1195 2383 1277 2449 Oen·

142 2488 273 2553 cordant
294 2488 482 2575 plerumque
505 2490 587 2554 inter
609 2509 643 2554 se
666 2489 846 2575 praeseutia
870 2495 901 2554 et
922 2489 1030 2555 futura
1053 2475 1287 2554 enuntiationis

142 2593 310 2675 primariae
334 2591 649 2680 compressantibus
674 2599 706 2658 et
729 2593 877 2677 perfectis
901 2593 1104 2671 coniunctivi,
1130 2600 1277 2676 tempora

141 2703 246 2761 antem
270 2717 344 2761 vere
368 2697 541 2781 praeterita
572 2717 641 2760 cum
673 2695 864 2783 imperfectis
895 2705 928 2762 et
957 2693 1276 2782 plusquamperfeetis

141 2802 342 2868 coniunctivi.
388 2801 494 2888 Saepe
517 2821 596 2866 vero
616 2823 674 2887 per
689 2801 1014 2887 repraesentationem
1030 2799 1080 2864 vel
1096 2798 1278 2886 praesentia

141 2906 194 2969 vel
216 2905 358 2989 perfecta
381 2905 572 2970 coniunctivi
595 2926 652 2990 pro
676 2904 866 2990 imperfectis
889 2902 941 2968 vel
956 2901 1276 2990 plusquamperfectis

142 3016 318 3076 occurrunt.
345 3010 449 3085 Quam
461 3010 785 3096 repraesentationem
798 3008 865 3073 fieri
878 3008 1048 3094 praecipue
1062 3008 1094 3072 in
1108 3006 1277 3072 enuntiatis

142 3113 296 3196 finalibus,
322 3115 541 3196 consecutivis,
557 3114 794 3199 interrogativis
810 3102 955 3198 obliquis,
979 3111 1080 3179 rarius
1096 3112 1126 3176 iu
1148 3111 1278 3195 reliquis

140 3217 202 3282 iem
224 3239 321 3305 supra
346 3239 417 3304 pag.
444 3221 483 3282 16
508 3218 653 3303 exposui.

243 3323 360 3388 Tribus
381 3331 504 3388 tentum
520 3322 597 3388 locis
614 3323 834 3388 coniunctivae
850 3319 1027 3405 imperfecti
1044 3318 1138 3384 foede
1153 3318 1279 3402 irrepsit

141 3447 196 3510 pro
222 3429 425 3493 coniunctivo
448 3427 646 3511 praesentis:
1178 3451 1180 3455 ’
1319 3433 1321 3436 ’

246 3530 280 3615 1)
311 3533 363 3597 28.
396 3535 426 3613 4,
452 3532 491 3595 13
515 3531 696 3596 Pascuntur
725 3533 820 3596 etiarn
851 3531 885 3592 in
918 3529 1067 3592 conuiciis
1096 3525 1280 3610 aliquotiens

141 3637 297 3719 trutinae,
331 3643 367 3701 nt
399 3635 538 3722 adpositi
567 3638 670 3721 pisces
703 3684 710 3701 .
744 3683 782 3699 ..
812 3632 1026 3718 ponderentur
1049 3678 1056 3694 .
1081 3678 1089 3694 .
1114 3679 1121 3694 .
1149 3648 1287 3713 pnoru-rn·

141 3741 328 3824 ineptitudo
350 3743 477 3825 saepius
496 3741 685 3824 praedicata
710 3761 773 3804 non
794 3741 861 3802 sine
878 3737 982 3802 taedio
1001 3734 1278 3818 praesentium...

140 3844 297 3908 laudatur
319 3892 327 3908 .
353 3895 392 3910 ..
423 3845 557 3908 rnoairue
584 3865 661 3922 ¹carn
689 3843 764 3908 taec
795 3841 901 3906 eadem
933 3843 1132 3904 nrtrnerantes
1161 3835 1281 3900 notarii

141 3948 276 4032 triptota
304 3968 405 4032 prope
438 3947 596 4012 adsistant
628 3966 697 4012 eum
721 3995 729 4011 .
753 3996 792 4011 ..
826 3943 959 4025 tatutis,
993 3947 1028 4006 ut
1059 3935 1161 4004 nesse
1194 3939 1289 4002 rotur'

141 4053 293 4136 raupieter
315 4052 384 4140 ludi
405 4051 558 4115 litterarii
580 4051 753 4130 rideretur,
785 4046 821 4132 2)
850 4049 901 4112 25.
927 4046 1018 4128 3,17
1051 4064 1107 4108 nec
1137 4061 1183 4106 rne
1206 4091 1213 4108 .
1239 4092 1246 4107 .
1272 4092 1279 4107 .

140 4157 251 4241 precia
267 4156 391 4240 flapitii
413 4154 591 4220 recordatio
613 4155 742 4239 strinpit
764 4153 810 4217 cel
835 4172 904 4216 curn
923 4151 957 4213 in
978 4146 1089 4213 urana
1106 4194 1135 4210 ..
1155 4165 1282 4212 ‚arma

141 4260 239 4325 darer
261 4261 307 4324 ret
326 4265 398 4344 poet
419 4260 634 4344 principatum
657 4264 849 4342 suseeptnrn3
880 4255 916 4338 3)
940 4254 992 4318 26.
1009 4256 1039 4335 4,
1063 4246 1082 4316 6
1106 4250 1281 4316 Persarum

141 4384 196 4428 rea
219 4385 334 4428 manua
356 4353 707 4428 Armeniia'iniectalrat
724 4412 731 4427 .
750 4410 783 4427 ..
807 4361 921 4424 iniuste
944 4355 1107 4422 causando
1130 4354 1213 4441 qued

141 4468 219 4533 nituit
245 4467 368 4532 obstare
391 4466 506 4532 debeat
528 4485 586 4548 quc
618 4467 723 4531 rninus
750 4487 787 4531 ea
816 4467 1026 4547 recuperaret.
1072 4458 1184 4524 Altero
1209 4458 1280 4522 loco

140 4561 208 4646 (25.
235 4575 267 4655 3,
294 4571 348 4652 ll)
371 4570 566 4636 emendatur
589 4571 706 4637 rectius
729 4569 864 4634 dixisset
887 4564 1092 4647 Ammianus3
1120 4562 1179 4628 aed
1208 4581 1282 4627 cum
