3224 5162
663 510 754 602 [aa
1225 445 1277 590 a

137 729 234 778 seusu
256 707 442 775 destitutum
466 718 524 774 est.
571 711 650 774 Post
675 713 867 776 vocabulum
888 713 1085 798 praedurum
1107 717 1277 782 verborum

138 815 293 878 ambitum
316 820 434 899 puncto
452 813 622 878 concludas
646 822 782 900 oportet,
805 816 962 901 siquidem
985 820 1206 885 coniunctione
1223 823 1278 886 aad

138 919 306 987 aGelenio
329 923 415 982 recte
438 919 555 982 tradita
570 917 761 983 Ammianus
785 922 963 986 oraticnem
987 925 1031 985 ita
1047 924 1217 1009 abrumpit,
1241 933 1277 990 ut

137 1045 157 1085 a
178 1022 322 1106 generali
344 1043 379 1086 re
402 1020 443 1085 ad
466 1028 552 1086 certa
576 1023 732 1106 quaedam
756 1026 905 1108 exempla
928 1029 1095 1092 transeat¹

374 1227 402 1265 D.
431 1225 605 1266 sammua
622 1227 871 1267 mmuuounmvnu
890 1228 1040 1276 OBLIQUAE.

242 1334 447 1399 Ammianum
483 1336 516 1399 in
554 1357 614 1400 usu
649 1336 816 1401 modorum
856 1337 1117 1402 consuetudinem
1152 1339 1276 1406 dicendi

136 1439 333 1502 Graecorum
356 1446 502 1502 secutum
525 1459 595 1502 esse
614 1460 686 1503 cum
703 1441 734 1503 in
752 1440 1021 1504 enuntiationibus
1036 1441 1275 1525 interrogativis

135 1541 299 1606 indireetis
322 1549 391 1605 tum
413 1542 445 1604 in
467 1542 505 1605 iis
529 1543 705 1624 sententiis,
728 1543 783 1607 ubi
807 1544 890 1628 quod
918 1544 1072 1628 particula
1102 1547 1276 1611 accusativi

136 1646 206 1710 loco
229 1667 302 1708 cum
324 1645 479 1709 infinitivo
503 1647 607 1730 posita
624 1653 683 1726 est,
704 1646 942 1730 Kallenbergus
959 1648 1097 1713 breviter
1114 1651 1273 1735 exposuit.

240 1747 290 1812 Ac
310 1751 447 1834 primum
470 1751 598 1834 quidem
624 1749 663 1814 de
679 1752 846 1815 sententiis
862 1753 1099 1835 interrogativis
1115 1753 1274 1818 indireetis

136 1854 212 1917 mihi
236 1853 404 1917 dicendum
430 1861 492 1922 est.¹
534 1855 603 1918 Etsi
628 1854 846 1938 Kallenbergo
870 1855 1110 1920 eoncedendum
1135 1863 1184 1920 est
1198 1857 1275 1920 Am·

136 1957 276 2022 mianum
291 1959 323 2020 in
339 1957 503 2022 sententiis
519 1958 755 2040 interrogativis
773 1960 1007 2024 coniunctivum
1024 1981 1143 2044 ponere
1159 1962 1274 2044 solere,

127 2061 189 2128 ¹ubi
212 2060 381 2127 antecedat
403 2068 528 2142 tempus
551 2063 769 2146 praeteritum,
793 2069 899 2126 tamen
916 2084 979 2127 non
996 2069 1081 2127 recte
1098 2065 1146 2128 vir
1162 2062 1274 2129 doctus

135 2164 300 2246 contendit
323 2164 532 2228 indicativum
556 2167 683 2250 saepius
706 2167 849 2251 usurpari
874 2165 1087 2250 praecedente
1115 2167 1275 2251 praesenti

136 2268 186 2331 vel
209 2267 330 2333 futuro.
376 2268 488 2348 Immo,
512 2270 538 2332 si
560 2290 627 2333 rem
652 2270 832 2333 accuratius
849 2271 1130 2354 pervestigamus,
1153 2269 1274 2334 iudiea-

136 2371 219 2434 tivus
246 2392 312 2435 non
345 2372 448 2436 minus
471 2393 570 2456 saepe
599 2380 724 2459 tempus
756 2363 964 2457 praeteritum
997 2393 1092 2458 quam
1121 2394 1274 2457 praesens

136 2476 286 2557 sequitur.
331 2474 445 2560 Itaque
468 2477 495 2540 si
518 2477 725 2560 praeteritum
752 2484 876 2561 tempus
900 2477 931 2539 in
963 2477 1181 2541 enuntiatione
1212 2478 1274 2562 pri-

136 2580 235 2642 maria
258 2585 374 2661 exstat,
408 2581 626 2644 coniunctivae
649 2581 680 2643 in
708 2581 924 2645 enuntiatione
952 2581 1179 2664 interrogativa
1208 2581 1274 2665 ple-

135 2703 268 2768 rumque
291 2684 475 2764 collocatur,
498 2685 555 2749 sed
577 2685 767 2748 indicativus
790 2686 895 2748 locum
919 2685 1037 2750 habere
1060 2691 1175 2768 potest,
1205 2685 1273 2750 sive

134 2794 260 2872 tempus
283 2807 434 2870 praesens
457 2790 523 2853 sive
545 2789 753 2873 praeteritum
778 2797 949 2873 usurpatur
970 2790 1001 2853 in
1025 2789 1181 2853 sententia
1210 2789 1273 2872 pri-

136 2891 244 2954 maria.
566 2953 568 2958 .

238 2993 294 3058 Ia.
327 2993 536 3076 Indicativus,
561 2994 613 3058 ubi
629 2993 661 3057 in
678 2995 842 3059 enuntiato
865 2994 1015 3080 primario
1033 3001 1159 3080 tempus
1183 3015 1272 3079 prae·

20 3135 21 3144 ι
134 3120 206 3162 sens
230 3099 280 3162 vel
298 3097 441 3162 futurum
459 3103 582 3163 exstat:
608 3100 658 3164 14.
677 3101 706 3177 6,
722 3101 742 3162 2
762 3101 879 3163 mirari
894 3119 1002 3182 posse.
1015 3141 1042 3164 .·
1059 3101 1220 3164 existima.
1233 3149 1240 3164 .
1253 3149 1272 3180 .,

20 3205 21 3228 ¹
134 3221 226 3285 qaum
243 3201 279 3266 ob
293 3224 378 3268 rem.
392 3252 418 3267 ..
434 3211 614 3286 narratur3
635 3207 725 3283 146,
745 3207 784 3267 14
801 3210 962 3269 tractatur
981 3224 1043 3268 aa.
1056 3254 1083 3268 ..
1101 3203 1275 3284 coaaaaict;

20 3323 21 3344 ι
137 3306 185 3370 14.
212 3308 261 3385 10,
288 3308 326 3368 13
349 3313 384 3370 ut
409 3356 416 3370 .
441 3356 449 3370 .
473 3353 480 3367 .
505 3306 666 3370 ostendam
693 3328 753 3392 qua
785 3327 822 3370 eu
853 3328 951 3372 ceusu
975 3327 1078 3371 carnea
1100 3326 1153 3370 aas
1181 3307 1276 3370 simul

20 3479 21 3494 ,
136 3409 242 3473 adessa
255 3411 359 3491 colci3
385 3411 434 3474 14.
454 3412 630 3488 10‚15o0s
649 3412 725 3496 quid
743 3411 884 3476 suadetis
907 3413 1070 3494 opperior3
1098 3413 1146 3474 16.
1168 3412 1216 3492 12,
1235 3410 1275 3475 10

20 3509 21 3536 ¹
133 3511 208 3594 quid
232 3561 239 3575 .
265 3561 272 3576 .
298 3561 305 3576 .
331 3531 485 3577 ceuceu..
507 3560 525 3592 .,
545 3515 660 3596 paucis
684 3513 858 3596 absolcum3
886 3516 933 3577 16.
961 3516 1070 3593 12,18
1094 3514 1274 3595 asperioris,

134 3615 209 3699 quid
231 3614 343 3678 milas.
368 3665 375 3680 .
399 3663 407 3678 .
431 3615 561 3700 officiet3
589 3619 636 3680 19.
661 3621 691 3698 4,
715 3620 729 3680 l
755 3639 833 3702 quae
855 3637 972 3700 peneru
994 3617 1172 3681 morborum
1193 3615 1276 3679 cada

136 3719 217 3780 oriri
246 3719 345 3782 soleat
375 3717 508 3783 breuiter
537 3720 713 3802 explicatum
748 3724 797 3800 14,
821 3723 850 3802 6,
875 3722 935 3802 22,
968 3722 1072 3801 208,
1099 3721 1152 3798 17,
1183 3724 1212 3796 5,
1236 3720 1274 3796 4,

139 3823 166 3901 7,
192 3825 224 3898 1,
249 3824 300 3887 21.
325 3824 355 3902 6,
383 3828 415 3902 1,
439 3825 491 3888 23.
516 3828 546 3906 6,
570 3827 633 3907 42,
657 3827 709 3889 25.
734 3826 838 3906 3,10;
862 3826 965 3906 3,]5,
989 3828 1018 3903 4,
1042 3826 1079 3903 8,
1103 3824 1199 3901 aar,
1221 3825 1274 3903 15,

136 3926 186 3988 29.
211 3927 241 4004 2,
266 3927 321 4005 15,
346 3927 397 3996 31,
422 3928 451 4008 2,
480 3929 532 4007 10,
560 3931 607 4009 10,
633 3930 682 3991 18.

238 4027 296 4092 Ib.
332 4027 539 4111 Indicativus,
563 4031 618 4094 urbi
641 4032 672 4095 in
689 4030 855 4094 enuntiato
876 4029 1024 4113 primario
1041 4034 1167 4111 tempus
1182 4047 1274 4111 prae·

136 4131 262 4194 teritum
286 4137 409 4194 exstat:
443 4136 492 4198 14.
518 4136 548 4217 7,
574 4136 613 4196 14
640 4135 746 4199 iratas
769 4183 776 4196 .
801 4181 808 4194 .
833 4181 839 4195 .
862 4133 944 4218 quod
967 4181 975 4196 .
999 4182 1007 4197 .
1033 4182 1040 4197 .
1059 4130 1272 4215 praesectum,

238 4395 246 4429 ¹
267 4393 409 4445 Ammiano
425 4409 592 4460 magnopere
607 4395 742 4462 placuisse
755 4395 816 4446 licet
830 4392 965 4444 adiectivo
979 4394 1022 4444 vel
1037 4391 1181 4458 participio
1195 4406 1274 4457 prae-

20 4529 21 4548 ,
136 4477 215 4534 fixum
241 4478 295 4530 iam
315 4480 528 4531 Hassensteinus
550 4496 613 4546 pag,
631 4481 664 4533 34
691 4479 896 4530 demonstravit.
935 4478 1003 4528 Item
1030 4477 1214 4528 Dederichsus
1241 4476 1274 4526 de

136 4567 214 4620 simili
234 4583 284 4618 usu
303 4567 506 4616 coniunctionis
525 4571 649 4632 quumvis
668 4567 802 4618 nonnulla
816 4568 918 4616 monuit
936 4581 998 4634 pag.
1012 4565 1074 4622 20..

1154 4647 1171 4704 ῑι
