3224 5162
341 538 380 608 10
474 635 477 641 Ι
862 543 950 632 [122]

336 737 486 822 quidem.
510 791 515 804 .
542 787 549 804 .
574 739 658 803 ocius
679 740 840 822 prcoficisci
854 739 1033 824 Lupicinus
1057 752 1222 810 conuentus
1245 753 1290 810 est
1303 747 1398 828 solus,
1415 796 1423 812 .
1441 795 1474 814 ..

337 841 374 905 de
396 841 556 906 Scutariis
580 849 683 907 autem
708 894 714 909 .
740 895 747 909 .
773 894 780 908 .
804 863 966 928 excerpere
988 865 1133 931 quemque
1152 852 1423 932 promptissimum
1446 859 1475 916 et

336 947 403 1029 ipse
421 947 592 1030 perducere
615 947 744 1012 Sintula
766 947 910 1028 iubetur;
937 952 984 1014 16.
1013 953 1060 1031 12,
1080 954 1096 1015 1
1121 951 1252 1034 Iamque
1274 955 1349 1019 solis
1370 955 1477 1020 radiis

337 1051 634 1117 rutilantibus...
670 1051 825 1136 pedestres
861 1053 968 1136 copiae
992 1103 999 1117 .
1025 1104 1063 1119 ..
1096 1056 1273 1121 educuntur
1305 1077 1476 1140 earumque

337 1155 431 1220 lateri
451 1163 602 1238 equestres
625 1157 751 1220 iunctae
772 1162 847 1220 sunt
869 1164 992 1222 turmae
1000 1181 1013 1241 ;
1042 1161 1092 1225 21.
1117 1163 1146 1240 3,
1170 1163 1189 1225 3
1213 1163 1405 1246 adpreditur
1426 1166 1476 1228 in·

338 1262 475 1325 consulte
497 1260 671 1325 Germanos
695 1311 702 1324 .
727 1310 735 1325 .
760 1311 767 1324 .
790 1262 857 1343 ipse
885 1263 1022 1326 concidit
1050 1266 1189 1329 omnium
1217 1269 1352 1350 primus,
1385 1271 1476 1334 cuius
1600 1299 1601 1308 ¹

336 1366 466 1429 interitu
490 1417 496 1430 .
521 1413 528 1427 .
552 1413 559 1427 .
584 1371 736 1430 certamen
762 1367 965 1429 committitur
988 1366 1177 1432 obstinatum
1207 1377 1235 1433 ot
1259 1422 1265 1436 .
1290 1423 1297 1436 .
1323 1423 1330 1437 .
1355 1373 1477 1438 disiecti

335 1476 409 1533 sunt
431 1471 553 1550 uostri;
576 1471 625 1531 21.
650 1469 679 1546 6,
703 1467 866 1532 5Habita
890 1475 934 1533 est
958 1519 965 1534 .
991 1520 997 1534 .
1024 1521 1030 1535 .
1055 1470 1214 1537 Florentii
1242 1477 1326 1540 rotio
1351 1528 1358 1541 .
1384 1524 1390 1539 .
1414 1525 1422 1542 .
1447 1485 1476 1542 et

335 1573 516 1638 Anatolio.
542 1623 548 1637 .
574 1625 579 1636 .
602 1573 740 1636 mittitur
763 1621 770 1636 .
797 1623 804 1637 .
828 1621 848 1655 .,
879 1592 1005 1656 cumque
1032 1574 1141 1641 Tauro
1165 1627 1172 1642 .
1196 1629 1202 1641 .
1229 1629 1236 1644 .
1260 1581 1396 1664 suscepit
1424 1582 1476 1645 in-

335 1677 443 1760 sipniu
465 1678 695 1760 inopistrntus,·
717 1679 768 1740 21.
794 1679 844 1758 12,
869 1682 888 1741 4
913 1681 1092 1743 conomiens
1114 1683 1213 1745 visiun
1243 1689 1287 1747 est
1318 1685 1362 1748 od
1389 1685 1476 1750 dedi·

335 1783 449 1844 tioncm
473 1782 598 1844 allicere
620 1767 798 1863 defensores
814 1830 821 1844 .
839 1833 846 1847 .
865 1831 889 1864 .‚
914 1788 942 1845 et
966 1832 972 1846 .
997 1828 1004 1843 .
1030 1833 1037 1848 .
1061 1805 1098 1848 en
1121 1787 1281 1868 corrloquio
1303 1809 1337 1852 re
1354 1789 1474 1872 insecta

335 1884 527 1965 disceditur,·
558 1886 608 1949 18.
634 1887 683 1967 10,
710 1887 827 1969 npetu
850 1936 857 1949 .
882 1935 889 1949 .
914 1935 920 1950 .
942 1887 1173 1969 prodidere..
1198 1938 1206 1954 .
1238 1889 1373 1956 obtulere
1397 1944 1403 1956 .
1428 1943 1435 1957 .
1462 1943 1469 1958 .

335 1989 458 2052 curritur
481 1994 509 2051 et
530 1988 702 2072 productae
723 1996 806 2054 suut.

440 2092 598 2156 Praesens
621 2092 805 2156 historicum
828 2114 900 2158 raro
924 2094 955 2157 iu
980 2096 1248 2162 enuntiationibus
1276 2100 1473 2167 secundariis
1580 2135 1584 2144 ·

336 2196 481 2276 occurrit,
506 2203 639 2283 excepta
662 2198 831 2282 temporali
855 2198 1077 2263 coniunctione
1106 2200 1191 2282 dnm,
1223 2201 1262 2266 de
1293 2205 1382 2268 cuius
1412 2225 1473 2269 usu

335 2300 408 2366 vide
431 2300 511 2365 infra
534 2322 607 2386 pag.
631 2304 672 2366 47
698 2323 763 2386 sqq.

266 2403 268 2408 ’
440 2404 580 2468 Primum
603 2405 634 2469 in
658 2405 823 2468 sententiis
847 2405 987 2469 relativis
1010 2407 1141 2471 verbum
1158 2409 1286 2494 aliquod
1303 2421 1475 2495 praesente

337 2507 486 2572 historico
511 2507 665 2573 efficitur:
700 2510 748 2572 19.
777 2513 801 2588 1,
826 2509 844 2570 8
869 2527 1053 2572 numerosas
1075 2517 1180 2592 pentes
1213 2512 1256 2575 ud
1284 2533 1376 2577 orma
1402 2565 1407 2578 .
1434 2565 1441 2580 .
1467 2563 1475 2578 .

339 2615 547 2691 concitarunt,
570 2634 706 2697 quornm
731 2633 938 2678 concursu..
962 2660 969 2675 .
994 2618 1089 2677 atron
1112 2617 1316 2681 committitur
1336 2638 1474 2701 pnpna;

337 2720 388 2783 31.
416 2720 464 2798 11,
488 2719 508 2780 2
532 2716 706 2781 didicit..
731 2767 738 2781 .
762 2715 915 2780 barbaros
938 2764 945 2779 .
970 2767 976 2781 .
1002 2767 1009 2781 .
1040 2720 1212 2799 revertisse,
1234 2722 1289 2805 qni
1305 2770 1312 2784 .
1331 2771 1337 2784 .
1355 2769 1362 2784 .
1377 2722 1475 2804 festi-

336 2829 434 2903 nont;
468 2823 519 2886 31.
554 2824 585 2903 5,
620 2823 792 2904 9'periere
816 2873 823 2888 .
849 2872 855 2886 .
882 2872 889 2886 .
919 2828 1049 2905 praeter
1083 2822 1190 2886 ducem
1215 2875 1222 2889 .
1247 2875 1253 2888 .
1280 2874 1287 2889 .
1323 2826 1378 2910 qui
1400 2875 1408 2890 .
1433 2875 1473 2891 ..

331 2927 433 3010 petit;
470 2928 517 2989 18.
542 2927 570 3006 6,
604 2926 644 2987 16
673 2926 847 2989 invenimus
875 2925 1013 3004 militem,
1042 2928 1096 3007 qui
1119 2975 1126 2989 .
1152 2976 1159 2991 .
1184 2977 1191 2992 .
1220 2928 1336 3010 pandit
1365 2948 1473 2993 rerum

336 3031 491 3114 inlepram
504 3028 605 3112 fidem
628 3029 772 3110 docetque
781 3050 793 3110 ;
818 3032 867 3093 15.
892 3032 922 3108 8,
950 3029 1004 3111 18;
1028 3033 1079 3093 31.
1104 3033 1133 3110 8,
1158 3034 1187 3094 9.

439 3131 573 3212 Deinde,
598 3131 622 3194 si
646 3131 744 3195 libros
767 3133 995 3217 manuscriptos
1018 3134 1188 3217 sequiumr,
1213 3135 1469 3203 coniunctionem

336 3236 543 3319 temporalem
568 3255 637 3298 cum
660 3241 812 3319 quattuor
834 3233 911 3298 locis
935 3254 1085 3318 praesens
1109 3234 1289 3300 historicum
1307 3239 1471 3306 indicativi

336 3340 462 3424 excipit.
509 3337 571 3402 Sed
596 3339 668 3423 plus
693 3359 789 3422 quam
813 3337 982 3400 verisimile
998 3358 1068 3402 esse
1086 3337 1141 3403 hos
1157 3338 1245 3404 locos
1261 3340 1292 3403 16
1310 3342 1473 3410 codicibus

337 3451 502 3529 corruptos
519 3441 725 3520 circumferri,
742 3462 836 3527 quam
854 3441 1037 3506 brevissime
1052 3450 1177 3527 potero,
1195 3445 1371 3510 ostendam.
1405 3447 1473 3514 Iam

336 3550 477 3633 singulos
500 3548 586 3611 locos
602 3546 821 3632 inspiciamus:
845 3547 896 3611 20.
921 3549 951 3630 2,
971 3551 985 3610 1
1004 3565 1082 3628 quae
1098 3567 1167 3610 cnm
1183 3549 1230 3611 ita
1246 3557 1416 3632 parantur.
1429 3602 1436 3617 .
1448 3602 1475 3634 .,

335 3656 526 3738 mapistrnm
548 3672 707 3716 reuersum
730 3700 737 3714 .
761 3695 768 3710 .
793 3698 799 3713 .
823 3649 1042 3715 obtrectatores
1065 3653 1233 3735 excipiunt.

441 3757 551 3821 Codex
574 3755 605 3819 V
627 3756 814 3841 scripturam
838 3755 1043 3840 depravatam
1067 3763 1301 3838 genrentur
1327 3760 1471 3841 praebet,

336 3882 417 3948 quae
441 3870 527 3926 certe
546 3882 587 3925 ex
606 3858 780 3945 archetypo
797 3861 879 3922 male
895 3859 1052 3943 descripta
1070 3864 1118 3923 631
1133 3880 1189 3944 pro
1212 3869 1472 3944 gererentur.

335 3967 450 4033 Manus
473 3974 581 4031 autem
613 3965 753 4031 secunda
778 3965 920 4030 eiusdem
944 3964 1016 4029 libri
1039 3985 1095 4050 pro
1119 3965 1216 4029 nihilo
1242 3972 1290 4030 est
1318 3969 1473 4053 putanda,

336 4093 417 4156 quae
434 4093 506 4136 cum
530 4077 763 4154 genrentnr
786 4069 919 4133 verbum
938 4069 1071 4133 latinum
1087 4089 1151 4133 non
1167 4091 1236 4134 esse
1253 4070 1472 4150 intellexisset,

336 4197 432 4260 supra
455 4177 593 4240 litteram
608 4196 623 4238 e
639 4175 856 4261 paenultimae
872 4172 1013 4257 syllabae
1030 4195 1052 4236 u
1067 4173 1202 4258 scripsit,
1226 4174 1347 4239 scilieet
1365 4196 1471 4240 emon·

336 4279 433 4345 dandi
455 4301 558 4344 causa.
606 4278 822 4353 Quamobrem
853 4276 949 4340 ceteri
976 4277 1028 4361 qui
1056 4298 1098 4340 ex
1124 4276 1278 4342 Vaticano
1311 4279 1475 4344 fluxerunt

335 4383 461 4452 codices
484 4389 691 4469 geruntur
714 4381 877 4467 praebent.
924 4381 1015 4455 Quae
1041 4382 1137 4446 lectio
1170 4403 1235 4448 non
1266 4381 1472 4447 3616666-

336 4488 431 4554 miani
455 4487 525 4554 usui
548 4493 714 4572 repugnat,
738 4486 795 4552 sed
819 4487 913 4551 etiam
938 4487 1039 4550 minus
1061 4483 1196 4571 quadrat
1218 4487 1250 4549 in
1273 4487 1471 4553 sententiam.

335 4593 524 4661 Ammianus
547 4593 630 4658 euim
654 4591 910 4658 coniunctionem
938 4611 1024 4656 cum
1055 4612 1095 4654 ox
1125 4595 1292 4676 praesente
1322 4591 1471 4656 historico
