3224 5162
297 505 338 570 ee
824 494 913 582 [134]

298 692 361 775 tiis,
385 690 522 778 suspicio
545 689 684 755 noscitur
706 685 910 760 Ammianut'n
933 688 1080 755 consulto
1105 689 1238 775 perfecti
1262 691 1435 756 coniuncti-

297 817 373 860 ¹vum
395 794 563 880 ‚posuisse
608 793 671 870 Qui
707 793 732 859 si
762 791 1075 879 plusquamperfecto
1103 814 1181 860 usus
1211 799 1311 876 esset,
1335 794 1435 864 ,haud

301 901 436 965 multum
466 896 593 978 aberet,
626 897 700 983 quiu
732 898 891 962 sententis
924 897 1072 962 irreelem
1104 896 1253 972 indueret
1289 919 1434 964 sensum:
1535 889 1537 894 ¹

300 1002 383 1087 quod
414 1008 450 1066 ut
478 1002 629 1084 evitaret,
662 1001 769 1085 inepte
802 999 932 1086 perfecti
966 1000 1205 1070 coniunctivum
1240 1002 1325 1066 omni
1354 1008 1433 1066 tem·

301 1127 416 1193 porum
450 1106 673 1173 consecutione
704 1105 851 1188 neglecta
883 1104 1049 1192 praetulit:
1080 1106 1130 1170 17.
1165 1107 1203 1187 3,
1237 1109 1257 1168 4
1287 1105 1322 1170 ob
1355 1126 1436 1192 quae

295 1209 459 1296 praesecto
494 1210 656 1294 praetorio
696 1209 786 1292 ferri
821 1229 885 1274 nou
925 1228 1017 1292 posse
1057 1209 1211 1274 clamante
1247 1229 1280 1274 se
1311 1216 1436 1294 repente

296 1315 423 1395 factum
453 1313 596 1400 infidum,
629 1313 681 1376 cui
708 1312 875 1396 Aupustus
907 1333 1064 1378 summam
1097 1314 1285 1378 commiserit
1315 1333 1434 1397 rerum,

298 1418 450 1483 Iulianus
478 1438 548 1482 eum
571 1463 578 1478 .
602 1465 609 1481 .
633 1463 641 1480 .
664 1415 787 1498 docuit,
826 1417 877 1480 28.
911 1417 947 1492 2,
979 1417 997 1478 9
1031 1415 1067 1479 id
1104 1417 1435 1488 commeruissesaeoo

298 1522 460 1586 iudicatas
494 1519 645 1601 arbitrio,
677 1519 760 1604 quod
792 1519 925 1584 evaserit
958 1521 1060 1600 solus,
1097 1522 1146 1584 16.
1183 1522 1241 1599 12,
1271 1523 1313 1584 60
1337 1521 1435 1605 pispi-

298 1627 376 1691 tium
400 1623 551 1691 arbitrati
572 1670 580 1686 .
604 1675 610 1690 .
633 1643 723 1708 ,pro
754 1643 826 1707 repe
847 1643 910 1686 non
936 1624 1028 1706 mori,
1059 1624 1088 1689 si
1116 1625 1164 1688 ito
1193 1626 1300 1690 tulerit
1329 1645 1434 1708 casus,

299 1728 460 1794 tradidere
482 1748 514 1792 se
535 1726 730 1806 uinciendos;
756 1729 806 1791 ll.
827 1731 852 1806 l,
867 1728 887 1790 8
910 1729 993 1793 stetit
1010 1774 1059 1794 ...
1076 1727 1185 1791 doctus
1198 1773 1205 1788 .
1218 1775 1247 1794 ..
1266 1730 1437 1813 plurimos,

298 1832 351 1896 ubi
371 1831 472 1896 habile
486 1833 586 1896 uisum
600 1830 720 1914 fuerit,
736 1837 919 1914 erupturam
944 1833 993 1895 ll.
1013 1834 1040 1909 1,
1059 1834 1097 1894 13
1119 1851 1208 1915 repes
1224 1839 1372 1897 uenerunt
1385 1883 1393 1897 .
1407 1882 1434 1899 ..

301 1938 509 2001 iurantes...
527 1935 646 2019 frupes
668 1942 857 2018 portaturos
879 1936 1006 2018 unieris,
1034 1937 1064 2000 si
1085 1936 1223 2020 defuisse
1244 1936 1304 2001 sibi
1326 1937 1437 2002 docue-

298 2041 365 2102 rint
389 2039 584 2123 defensorem
613 2041 663 2104 21.
690 2043 721 2123 5,
748 2043 786 2104 10
818 2041 1027 2105 iuravere...
1050 2059 1152 2105 omnes
1180 2061 1241 2125 pro
1270 2062 1303 2106 eo
1334 2061 1437 2125 casus,

299 2143 403 2224 quoad
424 2144 521 2208 uitam
541 2144 760 2228 profuderint,
783 2145 812 2208 si
834 2145 868 2208 id
883 2146 1051 2211 necessitas
1072 2145 1216 2229 eneperit,
1236 2146 1435 2230 perlaturum

300 2247 350 2314 23.
365 2251 396 2330 3,
409 2249 428 2312 2
445 2248 563 2312 dicitur
574 2295 581 2310 .
594 2298 619 2314 ..
637 2247 793 2333 Procopio
808 2250 975 2314 mandasse
991 2251 1192 2333 arripere...
1207 2251 1436 2334 principatum,

299 2353 329 2416 si
354 2371 385 2414 sc
414 2353 558 2416 interisse
586 2352 751 2428 didicerit3
783 2355 834 2416 24.
857 2357 886 2420 4.
918 2355 952 2417 21
988 2355 1156 2418 nuntiatur
1183 2354 1436 2436 imperatori...

300 2457 476 2522 milites...
499 2457 564 2520 ima
584 2463 764 2540 penetrasse
787 2456 1084 2542 fundamentorum,
1114 2459 1190 2540 iam,
1218 2459 1247 2521 si
1276 2460 1342 2542 ipse
1372 2459 1437 2524 dis-

299 2561 449 2644 posuerit,
472 2581 638 2643 evasuros,
672 2564 721 2626 17.
755 2566 781 2640 1,
815 2566 834 2625 4
865 2562 1004 2644 inposuit
1026 2563 1138 2626 milites
1167 2584 1204 2627 eu
1233 2584 1277 2643 re,
1307 2569 1436 2629 ut...

301 2665 447 2750 quicquid
468 2667 606 2730 inuenire
624 2667 785 2749 potuerint
802 2665 897 2748 ferro
919 2666 1091 2749 violarent3
1118 2669 1163 2730 191
1189 2669 1218 2747 9,
1243 2669 1263 2726 4
1289 2685 1437 2746 encrens,

301 2776 335 2834 ut
359 2770 478 2834 audilis
499 2791 578 2854 quae
609 2771 806 2855 contipcrint,
836 2772 951 2835 ueniret
973 2791 1076 2836 secum
1098 2771 1181 2836 boote
1202 2773 1358 2852 uicturus,
1387 2772 1435 2836 19.
1461 2845 1463 2850 ,

302 2876 332 2955 9,
356 2875 393 2955 53
420 2876 468 2936 14.
491 2875 520 2952 3,
546 2880 555 2935 1
584 2878 724 2959 quotiens
747 2875 837 2958 copia
860 2874 996 2952 dederit3
1020 2878 1070 2941 23.
1095 2878 1122 2940 2.
1152 2879 1165 2938 l
1191 2876 1240 2940 si.
1255 2924 1261 2940 .
1276 2925 1282 2939 .
1297 2874 1438 2957 adsperit

301 2976 483 3056 necessitas,
521 2978 570 3041 19.
605 2977 654 3056 11,
684 2979 718 3056 6;
754 2976 805 3040 25.
829 2978 858 3038 9.
891 2979 931 3058 53
965 2979 1014 3040 29.
1041 2981 1069 3061 1,
1100 2981 1137 3059 63
1170 2980 1220 3043 14.
1253 2978 1281 3058 7,
1314 2979 1332 3040 9
1366 2997 1436 3042 cum

301 3081 435 3159 uenerit;
460 3080 511 3144 24.
536 3080 566 3158 2,
591 3081 605 3142 1
634 3101 702 3144 cum
726 3081 955 3163 occupaverint.

406 3185 440 3264 2)
463 3183 499 3246 Iu
525 3183 805 3263 enuntiationibus,
828 3203 912 3269 quse
933 3206 953 3248 a
976 3183 1197 3248 coniunctione
1218 3183 1300 3269 quod
1330 3183 1438 3248 locum

301 3287 474 3350 accusativi
498 3307 570 3352 cum
592 3288 746 3352 infinitivo
771 3307 799 3372 q.
825 3286 855 3354 d.
879 3293 1009 3354 tenente
1032 3287 1193 3372 incipiunt,
1219 3287 1438 3352 coniunctivue

302 3391 433 3476 perlecti
456 3391 573 3475 ubique
595 3411 653 3476 pro
676 3389 991 3476 plusquamperfecto
1014 3393 1045 3455 in
1062 3412 1122 3455 usu
1140 3400 1198 3456 est.
1243 3391 1343 3456 Locos
1362 3411 1436 3454 oon·

301 3494 385 3579 gessi
408 3493 500 3576 infre,
523 3493 577 3558 ubi
605 3493 645 3560 dc
668 3515 727 3559 usu
751 3495 925 3580 particulae
947 3496 1029 3582 quod
1057 3495 1214 3580 copiosius
1238 3496 1298 3579 egi.
