3224 5162
317 511 358 574 ro
840 507 928 591 [101]

313 703 441 789 legitur,
464 705 516 770 30.
542 707 570 784 1,
597 706 645 785 11,
668 701 858 766 attractione
881 701 964 766 modi
981 701 1187 786 explicandus
1204 703 1348 768 videtur:
1372 705 1459 770 illud

315 810 434 875 ducere
450 808 571 873 clarius
582 807 698 891 potuit,
719 807 748 870 si
761 805 966 870 Macrianum
979 851 985 869 .
1000 855 1028 870 ..
1051 808 1154 870 uiuum
1171 828 1281 890 capere
1296 811 1458 893 potuisset,

316 960 355 978 ..
380 962 387 978 .
408 917 575 997 postquam
598 931 665 974 eum
689 911 822 974 euasisse
843 909 1055 994 Burpundios
1078 958 1085 974 .
1109 959 1117 973 .
1141 961 1149 975 .
1174 911 1345 977 didicisset.

419 1019 448 1078 2.
481 1015 680 1096 Quamdiu
704 1019 759 1078 aut
781 1014 843 1100 ‘per
866 1015 951 1078 idem
975 1021 1102 1099 tempus
1124 1015 1195 1100 quo'
1212 1011 1375 1101 ‘siguificat
1397 1023 1456 1082 aut

315 1119 424 1204 ¹usque
439 1117 478 1183 ad
494 1118 526 1181 id
542 1125 668 1202 tempus
685 1114 766 1203 quo',
783 1118 871 1184 cuius
888 1140 964 1182 usus
980 1117 1145 1202 Draegero
1162 1118 1267 1204 (Synt.
1281 1120 1316 1183 Il
1329 1144 1358 1205 p.
1371 1121 1453 1204 589)

316 1245 413 1288 unum
438 1230 562 1287 tanturn
586 1225 768 1308 exemplum
801 1224 939 1287 innotuit
963 1243 1002 1286 ex
1032 1223 1192 1307 Lamprid.
1215 1223 1383 1308 Heliogab.
1401 1227 1455 1308 29,

317 1331 334 1391 1
358 1327 491 1408 iubebat,
514 1335 549 1393 ut
572 1349 691 1412 semper·
715 1328 751 1392 id
781 1334 936 1409 comesset,
968 1327 1120 1413 quonrdiu
1143 1334 1247 1392 tamen
1276 1330 1386 1392 metius
1409 1330 1459 1392 iu·

314 1433 441 1498 ueniret.
485 1431 636 1496 Addendi
666 1431 763 1515 igitur
792 1437 866 1495 sunt
890 1431 924 1494 hi
953 1431 1016 1494 duo
1047 1432 1110 1494 loci
1133 1430 1308 1495 Ammiani:
1339 1435 1391 1496 25.
1424 1435 1455 1515 3,

317 1537 352 1598 11
387 1555 557 1600 concursus
586 1537 690 1619 itaque
719 1540 916 1599 armatorum
946 1541 974 1598 et
1008 1535 1186 1599 cadentium
1212 1537 1355 1618 pemitus,
1379 1586 1386 1600 .
1412 1587 1420 1601 .
1447 1587 1455 1602 .

316 1637 521 1721 audiebatur,
552 1638 705 1723 quamdiu
728 1685 735 1700 .
761 1688 767 1702 .
793 1687 801 1702 .
831 1657 894 1701 nou
919 1638 1045 1701 diremit
1075 1639 1251 1702 certamina
1279 1638 1345 1702 iam
1376 1645 1459 1704 taue-

314 1741 424 1822 brosa;
447 1745 498 1806 26.
524 1744 631 1824 10,14
653 1762 709 1806 000
731 1742 843 1806 modus
864 1742 949 1805 uitus
971 1741 1151 1808 aditialibus
1170 1744 1264 1807 motis
1290 1745 1458 1827 inpositus,

315 1847 469 1931 quamdiu
486 1847 664 1931 principem
687 1852 715 1909 et
734 1846 895 1928 prosimos
918 1866 1011 1929 opum
1033 1848 1164 1910 satietas
1185 1848 1264 1931 cepit
1286 1854 1314 1911 et
1338 1848 1453 1912 caedis.

419 1952 449 2014 3.
489 1949 535 2014 Ut
557 1946 732 2032 particulae
748 1969 878 2032 perraro
899 1948 1013 2012 eadem
1035 1955 1084 2013 est
1106 1951 1164 2032 vis,
1188 1971 1270 2034 quae
1290 1951 1456 2034 particulis

315 2051 368 2116 ubi
387 2054 528 2136 primum
551 2058 582 2116 et
606 2073 675 2116 cum
696 2053 852 2135 primum:
878 2054 929 2117 20.
952 2055 1211 2135 1121010010
1235 2054 1457 2118 certaminibus

314 2157 406 2234 finem
429 2177 558 2240 uespera
573 2157 659 2222 dedit
672 2156 835 2220 incedens.
850 2205 857 2221 .
872 2205 890 2238 .,
906 2157 1101 2239 imperator.
1116 2204 1123 2219 .
1137 2207 1144 2222 .
1160 2159 1273 2222 statuit
1286 2159 1456 2223 inmorari.

685 2361 711 2400 B.
740 2359 912 2400 sensnum
933 2360 1082 2402 elusanus.

420 2470 601 2534 Particulae
626 2471 767 2534 causales
791 2472 866 2556 quia
890 2476 921 2534 et
944 2472 1092 2556 quoniam
1116 2469 1285 2536 Ammiano
1316 2471 1457 2536 maxime

316 2575 347 2639 in
373 2572 493 2640 deliciis
517 2579 602 2638 sunt.

421 2677 577 2757 Quoniam
599 2678 700 2742 semel
724 2698 796 2740 oum
821 2677 1022 2741 coniunctivo
1045 2677 1203 2760 iungitur:
1231 2679 1280 2741 16.
1299 2680 1347 2758 12,
1364 2679 1405 2741 29
1428 2684 1458 2742 01

316 2783 465 2869 quoniam
488 2780 616 2865 adloqui
626 2782 754 2864 pariter
770 2781 1314 2864 000100110010001100100001101010
1334 2787 1457 2845 extenta

316 2886 427 2950 00010
451 2905 547 2949 unum
575 2891 703 2949 coactae
730 2885 945 2949 multitudinis
969 2886 1165 2969 permitteret
1196 2884 1358 2966 crebritas,
1383 2933 1391 2948 .
1415 2933 1423 2948 .
1449 2936 1457 2951 .

318 2991 442 3054 cautior
455 2990 507 3052 sui
521 2988 655 3052 bostium
671 2990 731 3052 teta
743 2990 982 3072 praeteruolans
999 3039 1006 3052 .
1023 3033 1029 3048 .
1047 3037 1053 3052 .
1075 2990 1199 3073 10110100
1214 2988 1257 3052 ad
1269 2989 1457 3070 faciendum

312 3091 446 3176 fortiter
475 3091 667 3158 accmdebot.
711 3091 927 3156 Dederichsus
957 3091 997 3155 do
1030 3093 1089 3158 hoc
1118 3093 1189 3156 looo
1221 3093 1266 3156 ita
1299 3092 1458 3176 disputat:

319 3196 414 3261 codeu
446 3193 624 3260 Vaticanus
649 3196 705 3259 1100
730 3197 796 3260 1000
827 3195 955 3279 praebet
978 3192 1223 3280 permittermt’,
1255 3217 1325 3261 mea
1355 3203 1459 3260 autem

317 3300 469 3365 sententia
484 3298 695 3363 restituendus
710 3305 754 3364 est
769 3298 971 3381 indicativus,
989 3301 1043 3384 qui
1053 3300 1129 3382 ptus
1144 3299 1363 3384 quadrapiuto
1379 3300 1457 3364 iocis

318 3402 486 3468 eubibetur.
531 3402 577 3467 At
601 3401 912 3467 coniunctivum
936 3401 1127 3466 servandum
1148 3423 1217 3468 esse
1234 3423 1360 3482 oenseo,
1384 3423 1456 3468 oum

319 3505 475 3570 sententia
500 3505 727 3570 condicionalis
750 3506 806 3570 sit:
831 3506 990 3592 ‘quoniam
1012 3526 1071 3569 nec
1093 3504 1261 3589 longitudo
1281 3505 1457 3590 spatiorum

317 3631 376 3674 nec
389 3608 539 3673 crebritas
551 3607 764 3673 multitudinis
776 3630 885 3674 omnes
898 3608 1030 3694 adloqui
1040 3609 1250 3693 permitteret,
1265 3610 1291 3673 si
1304 3607 1458 3674 voluisset

317 3749 359 3760 -
375 3717 407 3777 at
423 3712 535 3793 noluit,
559 3713 656 3775 immo
673 3711 785 3784 vitavit
800 3744 839 3761 a
858 3711 1034 3779 accendere
1050 3717 1184 3777 conatus
1201 3707 1267 3776 est'.
1305 3710 1457 3777 Formam

316 3817 515 3900 purnitteret,
539 3820 575 3879 ut
590 3835 696 3900 saepe,
720 3835 778 3898 pro
794 3815 1097 3900 plusquamperfecti
1113 3814 1313 3880 coniunctivo
1329 3815 1458 3900 scripsit

318 3920 506 3985 Amnrianus
530 3920 654 4004 vulgari
676 3919 785 3985 modo.

318 4130 369 4184 III.
410 4129 459 4182 DE
491 4126 827 4182 coruonculoulssos
862 4127 938 4182 CUM
965 4127 1058 4182 SOLO
1091 4125 1342 4182 coulonoulvo
1372 4126 1456 4181 CON-

795 4214 979 4268 STRUOTIS.

422 4335 502 4401 Cum
526 4335 727 4404 coniunctivo
751 4337 820 4402 solo
844 4340 1072 4427 construuntur
1095 4333 1335 4399 coniunctiones
1358 4333 1434 4400 hae:

423 4443 458 4520 1)
481 4439 663 4504 finales:
685 4445 729 4520 ut,
752 4459 798 4504 ue.
832 4440 883 4504 De
905 4439 1209 4524 repraesentatione,
1232 4436 1363 4524 quaein
1380 4437 1458 4502 fina-

319 4542 404 4608 libus
427 4542 593 4608 sententiis
617 4543 663 4625 fit,
685 4563 783 4627 supra
805 4542 967 4627 disputavi
990 4539 1079 4628 (pag.
1106 4541 1169 4624 11).
