3224 5162
849 517 940 604 [uo]

612 713 657 764 DE
677 711 900 766 lussntucsl
921 713 1177 768 CONIUNCTIVO.

431 817 470 884 Α.
505 818 729 903 Imperfectum
747 819 933 883 coniunctiri
948 838 1006 902 pro
1023 818 1346 903 plusquamperfecto,
1366 841 1461 904 prac-

328 924 419 1008 cipue
450 925 482 988 in
513 921 781 988 condicionalibus
814 923 982 986 enuntiatis
1013 923 1196 1002 irrealibus‚
1230 944 1462 1010 nonnunquam

328 1028 416 1111 quasi
441 1049 497 1113 per
519 1029 842 1114 repraesentationem
869 1036 1036 1112 usurpatur
1059 1028 1113 1109 ita,
1136 1035 1172 1091 ut
1194 1029 1246 1094 vel
1262 1030 1293 1094 in
1310 1031 1463 1111 primaria

327 1132 376 1196 vel
400 1133 430 1196 in
463 1134 672 1198 condicionali
703 1134 754 1198 vel
781 1133 812 1196 in
842 1140 976 1217 utraque
1005 1133 1162 1197 sententia
1193 1133 1344 1217 temporis
1374 1154 1462 1197 com-

327 1239 460 1303 mutatio
482 1239 548 1304 liat.
595 1239 699 1312 Quam
723 1236 1003 1302 commutationem
1027 1237 1086 1301 iam
1103 1236 1177 1302 inde
1193 1259 1212 1301 a
1229 1237 1333 1301 Plauti
1353 1243 1461 1302 aetate

327 1342 437 1426 optimi
460 1344 631 1427 scriptores
653 1363 717 1405 oon
741 1361 812 1405 raro
844 1340 1040 1405 admiserunt
1070 1340 1231 1424 vulgarem
1261 1343 1362 1406 secuti
1393 1363 1460 1406 ser·

326 1466 462 1511 monem.
506 1446 632 1530 Vulgus
656 1445 750 1526 enim,
781 1467 851 1510 cum
875 1444 949 1508 inde
981 1445 1238 1510 aremotissimis
1261 1446 1460 1530 temporibus

325 1548 545 1631 differentiam,
582 1571 662 1635 quae
690 1551 771 1613 inter
793 1548 1014 1633 imperfectum
1049 1555 1080 1614 et
1111 1549 1459 1634 plusquamperfectum

325 1653 502 1734 intercedit,
532 1673 596 1718 non
626 1654 749 1738 penitus
778 1653 996 1735 intellexisset,
1026 1652 1121 1717 modo
1151 1653 1369 1738 imperfectum
1398 1674 1459 1738 pro

326 1756 636 1842 plusquamperfecto
654 1757 811 1830 collocari,
824 1756 917 1821 modo
935 1755 996 1820 hoc
1010 1754 1068 1840 pro
1084 1757 1137 1819 illo
1150 1777 1280 1840 passam
1293 1763 1349 1836 est,
1362 1764 1459 1843 atque

238 1883 240 1890 ·
325 1861 369 1924 ita
392 1861 529 1946 quidem,
560 1869 596 1925 ut
619 1862 777 1944 prioribus
801 1862 994 1945 temporibus
1020 1860 1108 1941 illud,
1137 1868 1249 1945 postea
1281 1863 1341 1925 hoc
1373 1883 1458 1926 com-

325 1966 508 2029 mutationis
540 1958 641 2048 gen‘us
670 1967 885 2051 praevaluerit
918 1965 1065 2051 idemque
1095 1966 1126 2030 in
1156 1967 1346 2032 Romanicss
1377 1988 1459 2053 quas

326 2069 457 2135 dicimus
479 2071 606 2154 linguas
622 2073 791 2137 transierit.
829 2071 1018 2135 Ammianus
1036 2071 1182 2155 exempla
1198 2073 1364 2157 utriusque
1380 2093 1458 2136 usus

225 2208 229 2216 =
325 2175 458 2260 praebet
485 2175 539 2254 (cf.
562 2197 634 2260 pag.
660 2179 700 2240 14
723 2174 803 2260 aql:
837 2196 932 2260 saepe
956 2176 1018 2254 illo,
1041 2173 1125 2239 haud
1151 2196 1220 2239 raro
1253 2177 1315 2241 hoc
1347 2178 1456 2242 utitur.

427 2301 455 2344 a.
501 2279 538 2344 In
561 2280 709 2364 primaria
731 2281 903 2345 sententia:
927 2283 977 2345 29.
1004 2283 1030 2360 1,
1056 2282 1094 2343 11
1119 2279 1200 2344 alter
1310 2281 1345 2344 iu
1374 2280 1460 2346 cubi·

325 2385 394 2449 eula
409 2386 514 2448 iacens
529 2384 762 2466 confoderetur,
785 2388 820 2449 ni
835 2386 957 2450 tulisset
972 2386 1135 2468 suppetias
1148 2385 1243 2468 filius
1256 2384 1457 2467 adnleseens3
1499 2430 1501 2434 -

324 2490 375 2552 24.
400 2490 429 2568 4,
453 2490 494 2552 24
517 2511 585 2553 sum
607 2510 638 2554 se
660 2491 743 2554 ultro
767 2489 902 2573 affer-ret,
933 2491 962 2552 si
988 2489 1073 2553 miles
1095 2489 1218 2572 fuisset
1247 2489 1458 2554 memorabilis

325 2595 467 2658 conscius
480 2594 580 2678 sacti.

427 2696 457 2762 b.
503 2696 539 2759 lo
564 2696 750 2762 secundaria
773 2697 945 2762 sententia:
974 2697 1025 2763 22.
1053 2699 1101 2776 10,
1124 2699 1143 2760 6
1167 2695 1210 2760 ln
1231 2697 1458 2762 aestimabatur

325 2849 383 2864 ...
408 2806 492 2864 retus
514 2801 570 2864 illa
592 2798 724 2864 Iustitia
748 2847 804 2865 ...
827 2801 1000 2883 imperante
1021 2819 1054 2864 eo
1077 2798 1236 2884 (Iuliano)
1259 2822 1385 2865 reuersa
1411 2802 1457 2866 od

323 2911 437 2984 terras,
460 2906 495 2966 ni
516 2904 670 2989 quaedam
693 2925 750 2968 sno
774 2911 891 2988 aperet,
918 2925 982 2968 non
1004 2906 1105 2987 lepum
1130 2903 1263 2968 arbitrie
1286 2925 1457 2991 erransque

324 3009 510 3090 aliquotiens
531 3005 726 3070 obnubilaret
748 3008 928 3090 pleniorum
951 3008 1136 3090 multiplices
1160 3025 1288 3089 cursum
1316 3011 1365 3075 15.
1392 3010 1455 3082 1,4

322 3132 455 3198 namque
477 3113 600 3176 etiamsi
621 3112 810 3178 mundorum
832 3111 1004 3196 infinitates
1025 3112 1201 3177 Democriti
1220 3111 1456 3195 (Constantius)

322 3223 450 3300 reperet,
475 3266 482 3281 .
507 3267 514 3281 .
540 3265 546 3279 .
570 3216 605 3279 id
627 3220 822 3298 reputasset3
848 3217 897 3280 16.
923 3217 952 3297 1,
976 3219 994 3279 5
1018 3237 1105 3302 quern
1134 3218 1162 3280 si
1184 3214 1339 3280 Constans
1360 3219 1454 3300 impe·

322 3325 412 3384 rator
434 3368 493 3386 ...
517 3319 642 3384 audiret
664 3318 794 3383 honesta
816 3319 996 3384 suadentem
1019 3325 1165 3400 streete,
1188 3320 1278 3384 nulla
1303 3369 1359 3385 ...
1384 3341 1453 3405 pec·

323 3430 438 3505 casset3
469 3426 521 3488 25.
546 3425 575 3502 4,
604 3425 639 3487 19
665 3424 700 3486 ni
722 3423 909 3501 ostenderem
941 3425 991 3487 31.
1026 3423 1076 3505 10,
1102 3425 1140 3486 19
1170 3424 1199 3486 si
1227 3430 1364 3508 reperet3
1402 3426 1454 3492 17.

323 3529 373 3609 13,
398 3530 427 3591 3.

425 3650 450 3694 c.
485 3629 523 3694 In
540 3633 675 3714 utraque
699 3630 870 3694 sententia:
904 3634 953 3695 15.
970 3631 1036 3710 6,3
1063 3627 1151 3693 Unde
1174 3629 1348 3713 apparebat
1362 3632 1454 3717 quod,

321 3735 350 3798 si
379 3753 577 3818 praesumere
610 3733 760 3808 fortunae
792 3734 966 3817 superioris
994 3734 1136 3817 insipnia
1166 3741 1348 3813 conaretur,
1380 3738 1457 3800 auri

322 3844 388 3901 tam
410 3858 508 3921 praee
528 3836 652 3920 pondus
674 3838 850 3920 lurpiretnr
872 3844 907 3901 ut
926 3857 1027 3902 suurn.
1073 3837 1136 3901 Pro
1159 3837 1353 3921 imperfectis
1369 3839 1455 3923 plus·

321 3941 561 4025 quamperfecta
585 3941 752 4006 Ammiano
785 3948 875 4007 erant
901 3940 1077 4016 scribenda,
1109 3962 1181 4004 curn
1211 3940 1360 4006 Silvanus
1390 3963 1454 4006 oon

320 4045 492 4129 largiturus
526 4047 693 4128 pecuniam
729 4054 813 4110 esset
849 4045 903 4110 sed
938 4046 998 4108 iem
1040 4044 1160 4108 dudum
1199 4044 1340 4128 largitus.
1401 4047 1454 4114 25.

324 4150 371 4227 10,
395 4152 413 4212 5
439 4150 526 4213 auius
550 4147 695 4231 (Iuliani)
720 4198 727 4212 .
752 4200 759 4214 .
785 4201 791 4214 .
821 4151 938 4214 cineres
959 4150 1042 4235 siqui
1063 4155 1137 4212 tuno
1165 4149 1245 4212 iuste
1274 4151 1454 4232 consuleret,

320 4273 383 4317 non
399 4251 527 4334 Cydnus
549 4253 650 4318 cidem
673 4252 791 4318 deberet
814 4297 874 4318 ...
896 4254 951 4318 secl
975 4303 1033 4318 ...
1054 4252 1316 4335 praeterlambere
1337 4253 1452 4322 liberis.

425 4355 640 4424 Commutatio
675 4356 853 4442 imperfecti
887 4365 919 4422 et
952 4357 1256 4442 plusquamperfecti
1288 4358 1389 4421 rarius
1420 4359 1452 4423 in

321 4463 435 4528 ceteris
459 4469 587 4546 praeter
608 4460 840 4526 condicionalia
863 4462 1096 4527 enuntiatorum
1112 4461 1281 4543 generibus
1298 4463 1451 4527 occurrit:

324 4568 372 4630 14.
409 4567 443 4643 1,
476 4565 495 4631 6
529 4563 664 4628 relaturi
697 4584 776 4650 quoe
810 4564 974 4646 audirent3
1010 4566 1060 4629 29.
1092 4563 1128 4642 3.
1162 4566 1179 4627 7
1215 4584 1340 4650 cumque
1373 4563 1453 4628 nibil
