3224 5162
695 456 790 544 [135]

215 781 218 788 ·
321 802 405 861 μ
485 725 894 842 οῶΑΡυτῃ,
1228 811 1232 818 .

181 907 185 916 ’
235 991 238 998 ,
372 893 740 1024 fnunuumuouun
759 893 1094 1024 snuuonuu'usu',
1148 894 1162 1030 ἰ

568 1165 636 1248 tl·
677 1121 942 1230 'nannenus'

473 1329 521 1416 DE
542 1327 762 1382 PRAESEN'PIS
781 1327 1009 1384 IND'IOATIVO.

194 1509 199 1518 ·
255 1534 258 1542 .
279 1489 462 1552 Praesentis
484 1487 638 1572 temporis
651 1509 737 1552 ,usus
758 1487 840 1572 apud
860 1487 1064 1552 Ammiauum
1080 1487 1109 1551 iu
1126 1487 1309 1553 universum

176 1613 238 1668 non
262 1591 374 1656 differt*
391 1591 432 1656 ab
455 1591 520 1674 illo,
543 1590 853 1677 quem-antiquiores
873 1591 1052 1676 scriptores
1086 1591 1311 1658 observabant.

177 1694 435 1760 Consentaneum
458 1695 554 1779 igitur
578 1702 626 1758 ost
649 1715 805 1779 nusquam
828 1695 919 1780 plura
942 1696 1121 1779 praesentia
1142 1716 1310 1760 occurrere

178 1820 272 1884 quam
310 1799 349 1864 in*
380 1798 593 1880 orationibus,
615 1819 728 1883 ‚quas
749 1787 885 1862 multas*
904 1798 1070 1884 contextui
1108 1797 1311 1864 historiarum

174 1923 304 1968 suarum
334 1902 520 1966 Ammianus
554 1899 821 1965 inseruitrerum
850 1901 1018 1986 scriptores
1049 1901 1101 1987 qui
1133 1908 1207 1966 ante
1239 1923 1312 1966 eum

174 2006 304 2072 fuerunt
336 2007 486 2082 imitatus.
536 2004 612 2068 Per⁴
631 2005 814 2089 praesentis
839 2011 951 2088 autem
977 2004 1096 2072 formas
1127 2042 1167 2051 -
1197 2012 1233 2070 ut
1261 2026 1312 2071 res

176 2119 269 2176 notas
292 2110 431 2188 breviter
453 2116 583 2192 tangam
611 2143 645 2150 -
665 2109 923 2193 pronuntiantur.
947 2109 1098 2189 actiones,
1133 2131 1215 2195 quae
1245 2116 1312 2174 tum

176 2213 256 2278 fiunt
280 2220 564 2297 agunturve‚‘oum
587 2217 693 2277 orator
710 2210 860 2297 loquitur,
883 2210 914 2274 id
939 2217 986 2275 est
1008 2233 1058 2276 res
1074 2233 1189 2296 eoquo
1206 2214 1312 2280 oratio

176 2317 285 2382 habita
308 2325 356 2380 est
379 2323 523 2400 tempore
546 2313 686 2380 noudum
700 2314 880 2399 perfectae.
918 2314 1039 2400 'Itaque
1064 2336 1125 2380 nou
1146 2317 1250 2380 solum
1267 2317 1306 2382 de

178 2442 240 2502 uno
259 2420 418 2503 temporis
442 2423 559 2503 puncto
582 2417 697 2482 dieitur
712 2439 873 2506 praesens,
893 2417 1072 2498 sedetiam,
1095 2428 1131 2483 ut
1146 2418 1307 2485 Ciceronis

176 2525 278 2589 uerbis
298 2529 386 2587 utar:
410 2520 450 2588 ‘in
466 2529 612 2607 tempore
629 2531 661 2606 et
675 2542 758 2607 quae
778 2523 1006 2608 praeterierunt
1021 2519 1261 2588 considerantur
1276 2532 1311 2589 et

175 2630 356 2713 itemquae
384 2628 501 2692 instent
523 2627 555 2690 in
578 2626 759 2710 praesentia
786 2635 819 2692 et
849 2648 919 2712 eum
941 2627 1080 2714 manime
1110 2627 1197 2705 flant,
1228 2648 1310 2713 quae

177 2730 427 2816 consequantur.
464 2729 541 2794 Loci
558 2730 654 2814 igitur
676 2749 869 2808 communes,
892 2749 1025 2814 quorum
1043 2729 1229 2794 Ammianus
1248 2750 1312 2794 non

176 2856 289 2921 pareus
313 2839 370 2918 est,
395 2856 467 2899 cum
490 2833 601 2920 quovis
625 2841 767 2919 tempore
784 2832 921 2915 valeant,
944 2854 1001 2918 per
1016 2854 1167 2918 praesens
1183 2840 1311 2920 tempus

177 2939 406 3022 exprimuntur.
450 2937 503 3002 Ex
525 2939 676 3004 sescentis
700 2959 798 3003 unum
821 2937 979 3023 proferam
1004 2939 1195 3023 exemplum,
1226 2937 1311 3026 quod

177 3043 325 3108 oratione
344 3042 385 3107 ab
407 3042 598 3126 imperatore
622 3041 809 3107 Constantio
840 3042 871 3105 in
905 3042 1049 3106 contione
1081 3043 1166 3128 apud
1198 3042 1312 3107 milites

175 3146 281 3212 habita
313 3146 522 3211 continetur:·
543 3148 592 3210 14.
627 3147 676 3224 10,
711 3148 748 3210 14
767 3152 925 3230 postremo
957 3145 991 3210 id
1019 3153 1200 3232 reputantes
1229 3147 1311 3232 qood

177 3270 240 3315 non
261 3249 425 3314 illabentes
446 3251 585 3314 vincitur
607 3249 711 3332 solua·
725 3251 779 3334 qai
800 3250 884 3313 cudit
905 3250 939 3313 in
963 3250 1030 3314 ocia
1044 3296 1050 3311 .
1066 3301 1073 3315 .
1088 3299 1113 3334 .‚
1136 3250 1190 3316 sed
1214 3250 1311 3316 multo

175 3356 273 3422 tutius
295 3354 387 3418 ctiam
411 3353 485 3417 tubo
510 3359 628 3416 tacente
650 3353 706 3417 aab
728 3353 997 3437 iopammittitar
1027 3354 1228 3419 veteratoriae
1257 3356 1313 3440 qui

175 3459 267 3522 sentit
288 3463 434 3541 copertos
455 3476 511 3520 uec
532 3455 762 3541 fortitudinem
791 3458 823 3521 in
854 3456 976 3522 rebellis
1005 3478 1061 3522 nec
1091 3457 1247 3522 lenitatem
1277 3459 1312 3522 ira

175 3560 330 3646 supplices
352 3561 475 3624 animos
498 3557 610 3624 obesae.

175 3713 177 3722 ,
265 3663 379 3727 Porro
403 3663 434 3726 in
459 3661 672 3728 describendis
694 3663 773 3728 loeis
794 3683 831 3728 ac
847 3662 1037 3749 populorum
1054 3663 1311 3750 moribussaepe

174 3767 334 3853 praesenti
367 3773 511 3851 ternpore
546 3767 644 3832 utitur
678 3767 885 3850 Ammianus,
920 3766 975 3830 ubi
1008 3788 1112 3831 rerum
1146 3774 1309 3851 gestarum

176 3871 318 3936 ordinem
340 3871 594 3957 narrationisque
624 3891 814 3956 progressus
844 3870 1062 3956 spectantibus
1091 3871 1310 3957 imperfectum

175 3975 279 4058 aptius
302 3975 378 4060 poni
401 3975 546 4040 videatur
562 3975 737 4058 (Praesens
753 3972 1018 4058 consuetudinis).
1054 3974 1149 4050 Quod
1167 3975 1220 4040 ubi
1236 3975 1311 4042 feeit

174 4076 370 4161 Ammianus,
392 4099 516 4143 morum
539 4087 573 4142 et
594 4077 738 4142 locorum
762 4077 1007 4162 descriptionem
1030 4076 1070 4141 ad
1100 4078 1163 4158 illa,
1194 4080 1308 4164 quibus

175 4201 224 4246 res
239 4190 349 4266 gestae
366 4189 451 4266 sunt,
468 4191 613 4266 tempora
623 4180 865 4246 accommodare
881 4179 1060 4266 neglexisse
1076 4180 1200 4247 videtur
1213 4188 1308 4268 atque

174 4284 251 4350 illud
274 4285 452 4369 siguificare
475 4287 622 4369 voluisse,
645 4284 710 4350 suis
735 4306 863 4371 quoque
887 4284 1081 4368 temporibus
1105 4290 1137 4349 et
1154 4307 1258 4351 mores
1277 4293 1310 4352 et

174 4390 271 4471 locos,
295 4408 375 4474 quos
399 4389 558 4472 describit,
580 4407 644 4453 non
667 4394 803 4454 mutatos
826 4408 930 4474 neque
953 4387 1096 4452 diversos
1123 4409 1193 4454 esse
1215 4388 1310 4454 abiis

174 4493 379 4580 temporibus,
408 4492 522 4580 quibus
554 4515 614 4575 res,
648 4513 727 4578 quas
750 4499 866 4577 narrat,
889 4497 1087 4579 gererentur.
1136 4491 1231 4560 Cuius
1262 4495 1309 4561 rei
