3224 5162
307 577 310 590 ,
334 528 371 590 12
850 523 940 609 [124]

328 717 355 783 c)
391 719 439 772 DE
470 719 695 773 luccensem
724 719 769 771 ΕΤ
798 719 979 772 eneruem
1008 719 1064 772 ET·
1086 720 1466 784 PLUSQUAMPERFECTI

777 803 1016 857 consumentu.

333 997 334 1004 ,
432 926 567 991 Etiamsi
583 947 644 992 non
660 927 828 1010 negaveris
844 927 1015 1011 scriptores
1032 926 1103 992 illes
1120 927 1324 1012 antiquiores,
1348 928 1465 1012 quibus

326 1030 486 1094 imitandis
510 1032 696 1122 Ammianus
721 1051 850 1116 operam
873 1037 980 1111 navat,
1011 1031 1073 1099 vim
1098 1038 1130 1094 et
1160 1052 1253 1094 usum
1285 1037 1465 1116 temporum

326 1135 456 1200 aetionis
488 1135 680 1220 praeteritae
711 1155 775 1198 non
803 1133 900 1199 senrel
929 1133 1131 1217 neglexisse,
1162 1141 1270 1198 tamen
1299 1134 1465 1200 artissimis·

328 1239 440 1303 finibus
473 1239 709 1303 haec'liccntia
737 1231 977 1323 circumscripta¹
997 1244 1045 1302 est
1075 1238 1130 1319 (ef.
1156 1238 1191 1303 0.
1216 1238 1365 1308 Fothium
1395 1237 1465 1301 ‘Die

328 1343 575 1426 Versehiebung
597 1342 653 1407 der
677 1340 883 1408 lateinischen
899 1341 1067 1427 „Tempora
1093 1343 1124 1406 in
1153 1341 1217 1406 den
1244 1342 1464 1414 romanisciren

325 1447 495 1530 Sprachen’
518 1449 548 1512 io
574 1446 745 1512 Boehmeri
771 1445 1154 1513 ‘RomaniseheSiudien’
1172 1445 1263 1510 ,Vm
1284 1467 1357 1530 pag.
1374 1448 1465 1521 301).

325 1551 514 1616 Ammianus
539 1559 645 1616 autern
669 1551 810 1634 quamvis
834 1550 967 1614 dictioni
992 1550 1111 1634 politae
1134 1557 1230 1634 atque
1245 1567 1247 1572 ’
1262 1551 1402 1634 eleganti
1432 1551 1465 1614 in

326 1657 509 1746 uuiversum
535 1655 701 1738 diligenter
725 1655 863 1732 studeat,
895 1653 1058 1736 cumillis,
1091 1654 1205 1738 quibus
1230 1655 1297 1738 ipsc
1323 1654 1463 1737 vigebat,

323 1759 519 1845 temporibus
558 1781 662 1824 sermo
702 1759 817 1822 latinus
855 1759 1006 1822 atrociter
1044 1767 1211 1843 corruptus
1246 1767 1330 1822 esset
1366 1765 1463 1839 atque

325 1863 476 1947 pristinae
500 1868 678 1946 temporum
702 1868 733 1927 et
756 1862 923 1926 modorum
949 1884 1024 1926 usus
1048 1883 1178 1925 normae
1203 1861 1353 1926 confusae
1379 1862 1463 1926 iace·

324 1975 407 2044 rent,
430 1966 512 2031 hane
535 1974 714 2050 temporum
739 1976 771 2032 et
793 1967 959 2031 modorum
991 1965 1208 2031 confusionem
1240 1984 1304 2030 neu
1332 1983 1462 2051 prorsus

326 2072 447 2136 evitare
473 2077 607 2156 poterat.
653 2071 765 2156 Itaque
797 2071 1017 2157 imperfectum
1049 2078 1082 2134 et
1112 2069 1287 2154 perfeetum
1317 2081 1350 2134 et
1377 2069 1464 2154 plns·

325 2175 596 2259 quamperfeetum
621 2195 684 2237 non
710 2195 781 2237 raro
813 2175 992 2259 promiscue
1022 2195 1126 2259 neque
1149 2174 1214 2236 ulla
1245 2174 1462 2238 intercedente

323 2279 503 2342 sentcntiae
525 2278 703 2343 differentia
719 2278 760 2342 ab
778 2300 816 2342 eo
834 2284 1005 2361 ponuntur,
1030 2278 1095 2343 sive
1112 2278 1314 2342 indicativum
1333 2277 1463 2341 medum

323 2381 392 2446 sive
415 2383 652 2446 coniunctivum
677 2381 817 2466 requirat
840 2381 1001 2465 periodus.

483 2607 506 2634 ar.
535 2595 571 2634 DE
589 2592 887 2641 PLUSQUAMPERFEOTO
905 2593 961 2632 PRO
980 2593 1127 2633 PERFECTO
1146 2593 1301 2634 USURPATO.

428 2693 478 2757 De
501 2695 563 2757 hoe
580 2715 638 2757 usu
656 2695 717 2757 iam
734 2693 985 2758 Hassensteinus
1003 2692 1090 2777 (pag.
1108 2691 1165 2776 51)
1183 2713 1285 2776 pauca
1304 2694 1401 2758 rerba
1420 2695 1465 2757 ita

322 2797 412 2874 feeit,
437 2803 471 2859 nt
493 2797 649 2862 nonnullis
670 2799 825 2882 exemplis
843 2796 959 2860 additis
976 2803 1144 2860 contentus
1168 2802 1261 2860 essct.
1306 2796 1463 2883 Equidem

322 2920 424 2985 paene
448 2922 568 2981 omues,
593 2903 646 2984 qui
669 2902 747 2965 mihi
771 2913 987 2975 occurrerunt,
1011 2902 1099 2965 locos
1123 2921 1302 2982 congeram.
1348 2901 1412 2967 Sed
1429 2902 1459 2964 id

323 3006 408 3089 prius
434 3005 624 3069 monendum
648 3013 706 3086 est,
740 3005 818 3069 hane
848 3005 1151 3089 plusquamperfecti
1181 3005 1461 3070 commutationem

322 3129 479 3193 nusquam
503 3109 535 3171 in
559 3130 677 3190 genere
699 3109 824 3192 passivo
842 3108 919 3173 fieri.
958 3105 1016 3170 Est
1033 3108 1117 3170 enim
1133 3109 1261 3170 omnine
1278 3109 1462 3193 plusquam·

322 3212 454 3299 perfecti
476 3212 595 3295 passivi
618 3219 649 3275 et
672 3205 833 3278 indicativi
859 3220 890 3276 et
913 3212 1107 3276 coniunctivi
1131 3231 1278 3294 perrarus
1303 3235 1388 3278 usus.

427 3318 475 3380 14.
502 3318 529 3390 7,
557 3319 604 3396 11,
623 3319 661 3380 12
684 3317 847 3381 subiratus
869 3315 1016 3379 abscessit
1039 3336 1093 3379 nec
1116 3316 1150 3378 in
1174 3314 1370 3400 conspectum
1395 3321 1462 3384 eins
1501 3371 1502 3376 1

320 3428 427 3506 pastea
449 3423 532 3485 venit
556 3470 563 3485 .
589 3469 595 3484 .
621 3469 628 3484 .
651 3420 724 3486 irino
747 3423 798 3486 iiie
822 3426 990 3485 commotus
1012 3468 1019 3483 .
1045 3470 1051 3484 .
1076 3468 1083 3483 .
1107 3419 1264 3503 praefecti
1287 3422 1463 3488 custodiam

316 3523 548 3610 protectoribus
570 3524 780 3588 innodaverat
793 3525 894 3608 fidis;
918 3525 969 3587 20.
993 3525 1081 3599 4,14
1104 3530 1191 3586 nocte
1212 3544 1284 3588 vero
1302 3531 1461 3607 coeptante

319 3632 354 3693 in
387 3635 530 3712 apertum
564 3648 693 3712 erupere
724 3629 922 3693 discidium.
948 3679 955 3692 .
981 3676 987 3689 .
1011 3628 1054 3690 ad
1086 3628 1147 3691 teia
1181 3634 1404 3692 connotantur
1434 3637 1462 3694 et

319 3753 434 3797 manus
448 3732 644 3818 fremituque
673 3734 794 3815 inqenti
823 3753 927 3796 omnes
944 3732 1121 3816 petiverant
1140 3731 1320 3816 palatium·
1356 3736 1404 3798 16.
1429 3736 1461 3814 8,

321 3839 357 3913 83
384 3840 431 3900 19.
456 3839 528 3916 9,5
561 3838 659 3901 evasit
691 3844 871 3920 exoptatum
903 3837 1029 3900 mulieri
1059 3838 1206 3900 nuntium
1231 3835 1349 3918 ferens,
1381 3858 1461 3922 qnae

319 3939 376 4003 boc
400 3942 521 4022 coquito
547 3962 606 4024 per
637 3938 862 4024 Tamsaporem
883 3940 992 4003 dacem
1023 3940 1258 4022 supplicaverat
1287 3941 1356 4023 repi
1433 3965 1461 4023 .;

322 4045 369 4108 19.
398 4046 426 4124 1,
451 4045 487 4124 6;
523 4045 574 4110 20.
602 4047 650 4126 ll,
684 4047 732 4125 11,
759 4046 797 4107 12
830 4043 958 4107 Decimo
989 4042 1093 4126 itaque
1122 4051 1289 4128 postquam
1319 4047 1463 4128 pupnari

321 4153 460 4229 coeptum
497 4153 541 4212 est
579 4147 629 4211 die
662 4199 668 4212 .
702 4196 709 4211 .
743 4195 750 4210 .
789 4147 967 4230 transferri
1003 4146 1171 4228 placuerat
1206 4149 1314 4213 malem
1352 4151 1463 4214 arietis

318 4270 471 4332 mapnam
494 4301 501 4316 .
528 4299 567 4316 ..
601 4272 681 4336 quae
715 4251 815 4315 subite
851 4251 919 4314 visa
945 4301 951 4315 .
976 4295 982 4310 .
1008 4301 1015 4314 .
1051 4252 1231 4317 ciavrscrum
1267 4251 1461 4317 hebetaverat

319 4359 432 4418 mentes
457 4404 463 4418 .
489 4402 496 4417 .
520 4407 526 4419 .
550 4356 614 4420 ni.
639 4403 646 4418 .
671 4405 677 4420 .
702 4355 913 4440 opponenda.
938 4404 945 4419 .
971 4363 1257 4439 praeparassent.
1295 4377 1350 4420 nec
1373 4362 1461 4420 teme·

319 4459 402 4522 ritas
420 4464 493 4541 post
515 4459 592 4522 baec
616 4467 792 4524 cessaverat
823 4479 878 4523 nec
909 4459 1074 4522 consitium
1086 4479 1099 4539 ,·
1129 4462 1179 4524 16.
1204 4462 1234 4537 5,
1261 4462 1321 4539 12;
1353 4461 1406 4523 22.
1438 4462 1457 4523 8

323 4564 361 4625 19
384 4560 542 4627 Residnae
565 4562 774 4645 (Amazones)
799 4614 806 4629 .
832 4613 839 4628 .
862 4612 870 4627 .
895 4561 937 4626 ad
956 4563 1154 4645 pacatiorem
1177 4563 1278 4628 sedem
1307 4563 1461 4627 transiere
