<?xml version="1.0" encoding="UTF-8"?>
<!DOCTYPE html PUBLIC "-//W3C//DTD XHTML 1.0 Transitional//EN"
    "http://www.w3.org/TR/xhtml1/DTD/xhtml1-transitional.dtd">
<html xmlns="http://www.w3.org/1999/xhtml" xml:lang="en" lang="en">
 <head>
  <title>
</title>
<meta http-equiv="Content-Type" content="text/html;charset=utf-8" />
  <meta name='ocr-system' content='tesseract 3.04.00' />
  <meta name='ocr-capabilities' content='ocr_page ocr_carea ocr_par ocr_line ocrx_word'/>
</head>
<body>
  <div class='ocr_page' id='page_1' title='image "./detemporumetmod00ehrigoog_0071.png"; bbox 0 0 3224 5162; ppageno 0'>
   <div class='ocr_carea' id='block_1_1' title="bbox 336 510 950 599">
    <p class='ocr_par' dir='ltr' id='par_1_1' title="bbox 336 510 950 599">
     <span class='ocr_line' id='line_1_1' title="bbox 336 510 950 599; baseline 0.002 -19"><span class='ocrx_word' id='word_1_1' title='bbox 336 515 380 580; x_wconf 82' lang='lat' dir='ltr'><strong><em>u</em></strong></span> <span class='ocrx_word' id='word_1_2' title='bbox 859 510 950 599; x_wconf 82' lang='lat' dir='ltr'><strong><em>[us]</em></strong></span> 
     </span>
    </p>
   </div>
   <div class='ocr_carea' id='block_1_2' title="bbox 329 707 1481 4113">
    <p class='ocr_par' dir='ltr' id='par_1_2' title="bbox 336 707 1481 895">
     <span class='ocr_line' id='line_1_2' title="bbox 336 707 1481 798; baseline 0.005 -26"><span class='ocrx_word' id='word_1_3' title='bbox 336 710 365 791; x_wconf 83' lang='grc'><strong><em>2,</em></strong></span> <span class='ocrx_word' id='word_1_4' title='bbox 390 711 410 772; x_wconf 88' lang='lat'>4</span> <span class='ocrx_word' id='word_1_5' title='bbox 431 708 490 774; x_wconf 83' lang='lat' dir='ltr'><strong><em>etsi</em></strong></span> <span class='ocrx_word' id='word_1_6' title='bbox 518 727 565 774; x_wconf 82' lang='lat' dir='ltr'><strong><em>nee</em></strong></span> <span class='ocrx_word' id='word_1_7' title='bbox 578 756 585 773; x_wconf 88' lang='lat'><em>.</em></span> <span class='ocrx_word' id='word_1_8' title='bbox 600 757 628 772; x_wconf 92' lang='lat'><strong><em>..</em></strong></span> <span class='ocrx_word' id='word_1_9' title='bbox 648 707 779 792; x_wconf 77' lang='lat' dir='ltr'><strong><em>despicit</em></strong></span> <span class='ocrx_word' id='word_1_10' title='bbox 800 707 983 791; x_wconf 83' lang='lat' dir='ltr'><strong><em>imperator,</em></strong></span> <span class='ocrx_word' id='word_1_11' title='bbox 1006 708 1123 792; x_wconf 75' lang='lat' dir='ltr'><strong><em>neqotii</em></strong></span> <span class='ocrx_word' id='word_1_12' title='bbox 1145 714 1249 776; x_wconf 84' lang='lat' dir='ltr'><strong><em>tomen</em></strong></span> <span class='ocrx_word' id='word_1_13' title='bbox 1281 715 1326 776; x_wconf 91' lang='lat' dir='ltr'><strong><em>est</em></strong></span> <span class='ocrx_word' id='word_1_14' title='bbox 1355 711 1481 798; x_wconf 72' lang='lat' dir='ltr'><strong><em>rnooni-</em></strong></span> 
     </span>
     <span class='ocr_line' id='line_1_3' title="bbox 336 812 574 895; baseline 0.008 -19"><span class='ocrx_word' id='word_1_15' title='bbox 336 812 422 895; x_wconf 85' lang='lat' dir='ltr'><strong><em>tudo,</em></strong></span> <span class='ocrx_word' id='word_1_16' title='bbox 444 818 480 877; x_wconf 92' lang='lat' dir='ltr'><strong><em>ut</em></strong></span> <span class='ocrx_word' id='word_1_17' title='bbox 501 859 509 876; x_wconf 90' lang='lat'><strong>.</strong></span> <span class='ocrx_word' id='word_1_18' title='bbox 533 863 574 878; x_wconf 89' lang='lat'><strong><em>..</em></strong></span> 
     </span>
    </p>

    <p class='ocr_par' dir='ltr' id='par_1_3' title="bbox 334 915 1480 1622">
     <span class='ocr_line' id='line_1_4' title="bbox 439 915 1478 1002; baseline 0.005 -22"><span class='ocrx_word' id='word_1_19' title='bbox 439 918 467 980; x_wconf 91' lang='grc'><strong><em>6.</em></strong></span> <span class='ocrx_word' id='word_1_20' title='bbox 503 917 704 981; x_wconf 83' lang='lat' dir='ltr'><strong><em>Etiamsi:</em></strong></span> <span class='ocrx_word' id='word_1_21' title='bbox 734 938 763 980; x_wconf 81' lang='lat' dir='ltr'><strong><em>a.</em></strong></span> <span class='ocrx_word' id='word_1_22' title='bbox 794 937 865 980; x_wconf 88' lang='lat' dir='ltr'><strong><em>euru</em></strong></span> <span class='ocrx_word' id='word_1_23' title='bbox 889 915 1093 982; x_wconf 88' lang='lat' dir='ltr'><strong><em>ooniuuotivo</em></strong></span> <span class='ocrx_word' id='word_1_24' title='bbox 1117 918 1302 1002; x_wconf 81' lang='lat' dir='ltr'><strong><em>potentiali:</em></strong></span> <span class='ocrx_word' id='word_1_25' title='bbox 1330 921 1379 984; x_wconf 86' lang='lat'><strong><em>14.</em></strong></span> <span class='ocrx_word' id='word_1_26' title='bbox 1404 923 1434 999; x_wconf 87' lang='grc'><strong><em>2,</em></strong></span> <span class='ocrx_word' id='word_1_27' title='bbox 1458 923 1478 985; x_wconf 87' lang='grc'><strong>6</strong></span> 
     </span>
     <span class='ocr_line' id='line_1_5' title="bbox 334 1021 1480 1109; baseline 0.005 -26"><span class='ocrx_word' id='word_1_28' title='bbox 334 1021 474 1086; x_wconf 88' lang='lat' dir='ltr'><strong><em>etiamsi</em></strong></span> <span class='ocrx_word' id='word_1_29' title='bbox 497 1070 504 1087; x_wconf 87' lang='lat'><strong>.</strong></span> <span class='ocrx_word' id='word_1_30' title='bbox 529 1074 536 1087; x_wconf 91' lang='lat'>.</span> <span class='ocrx_word' id='word_1_31' title='bbox 561 1071 569 1086; x_wconf 97' lang='grc'><strong>.</strong></span> <span class='ocrx_word' id='word_1_32' title='bbox 593 1021 636 1084; x_wconf 85' lang='lat' dir='ltr'><strong><em>ud</em></strong></span> <span class='ocrx_word' id='word_1_33' title='bbox 658 1023 788 1085; x_wconf 82' lang='lat' dir='ltr'><strong><em>uertices</em></strong></span> <span class='ocrx_word' id='word_1_34' title='bbox 810 1023 1190 1102; x_wconf 65' lang='lat' dir='ltr'><strong><em>vuinetmarus...</em></strong></span> <span class='ocrx_word' id='word_1_35' title='bbox 1213 1030 1480 1109; x_wconf 77' lang='lat' dir='ltr'><strong><em>consternuntur3</em></strong></span> 
     </span>
     <span class='ocr_line' id='line_1_6' title="bbox 336 1125 1479 1214; baseline 0.004 -27"><span class='ocrx_word' id='word_1_36' title='bbox 336 1125 387 1188; x_wconf 89' lang='grc'><strong><em>29.</em></strong></span> <span class='ocrx_word' id='word_1_37' title='bbox 411 1127 441 1207; x_wconf 86' lang='grc'><strong><em>2,</em></strong></span> <span class='ocrx_word' id='word_1_38' title='bbox 457 1127 499 1188; x_wconf 92' lang='grc'><strong><em>24</em></strong></span> <span class='ocrx_word' id='word_1_39' title='bbox 523 1126 607 1189; x_wconf 85' lang='lat' dir='ltr'><strong><em>ratio</em></strong></span> <span class='ocrx_word' id='word_1_40' title='bbox 630 1127 711 1190; x_wconf 90' lang='lat' dir='ltr'><strong><em>enim</em></strong></span> <span class='ocrx_word' id='word_1_41' title='bbox 733 1125 841 1189; x_wconf 81' lang='lat' dir='ltr'><strong><em>eadern</em></strong></span> <span class='ocrx_word' id='word_1_42' title='bbox 863 1131 907 1188; x_wconf 87' lang='lat' dir='ltr'><strong><em>est</em></strong></span> <span class='ocrx_word' id='word_1_43' title='bbox 930 1125 1040 1210; x_wconf 83' lang='lat' dir='ltr'><strong><em>ubique</em></strong></span> <span class='ocrx_word' id='word_1_44' title='bbox 1062 1133 1143 1190; x_wconf 88' lang='lat' dir='ltr'><strong><em>reete</em></strong></span> <span class='ocrx_word' id='word_1_45' title='bbox 1162 1146 1285 1191; x_wconf 78' lang='lat' dir='ltr'><strong><em>secusve</em></strong></span> <span class='ocrx_word' id='word_1_46' title='bbox 1307 1133 1479 1214; x_wconf 74' lang='lat' dir='ltr'><strong><em>qestorurn,</em></strong></span> 
     </span>
     <span class='ocr_line' id='line_1_7' title="bbox 336 1229 1475 1318; baseline 0.004 -26"><span class='ocrx_word' id='word_1_47' title='bbox 336 1229 430 1293; x_wconf 90' lang='lat' dir='ltr'><strong><em>etiam</em></strong></span> <span class='ocrx_word' id='word_1_48' title='bbox 452 1229 482 1293; x_wconf 88' lang='lat' dir='ltr'><strong><em>si</em></strong></span> <span class='ocrx_word' id='word_1_49' title='bbox 502 1229 690 1312; x_wconf 74' lang='lat' dir='ltr'><strong><em>maauitredo</em></strong></span> <span class='ocrx_word' id='word_1_50' title='bbox 713 1229 754 1293; x_wconf 90' lang='lat' dir='ltr'><strong><em>sit</em></strong></span> <span class='ocrx_word' id='word_1_51' title='bbox 768 1313 770 1318; x_wconf 67' lang='lat'>,</span> <span class='ocrx_word' id='word_1_52' title='bbox 784 1229 948 1293; x_wconf 84' lang='lat' dir='ltr'><strong><em>dissimilis</em></strong></span> <span class='ocrx_word' id='word_1_53' title='bbox 971 1249 1090 1295; x_wconf 84' lang='lat' dir='ltr'><strong><em>rerum.</em></strong></span> <span class='ocrx_word' id='word_1_54' title='bbox 1136 1229 1166 1295; x_wconf 94' lang='lat' dir='ltr'><strong><em>b.</em></strong></span> <span class='ocrx_word' id='word_1_55' title='bbox 1200 1252 1271 1294; x_wconf 85' lang='lat' dir='ltr'><strong><em>cunr</em></strong></span> <span class='ocrx_word' id='word_1_56' title='bbox 1300 1231 1475 1296; x_wconf 81' lang='lat' dir='ltr'><strong><em>indicativo</em></strong></span> 
     </span>
     <span class='ocr_line' id='line_1_8' title="bbox 334 1331 1478 1417; baseline 0.004 -22"><span class='ocrx_word' id='word_1_57' title='bbox 334 1331 368 1395; x_wconf 90' lang='lat' dir='ltr'><strong><em>in</em></strong></span> <span class='ocrx_word' id='word_1_58' title='bbox 391 1332 537 1398; x_wconf 80' lang='lat' dir='ltr'><strong><em>oratione</em></strong></span> <span class='ocrx_word' id='word_1_59' title='bbox 561 1331 707 1416; x_wconf 85' lang='lat' dir='ltr'><strong><em>oblique:</em></strong></span> <span class='ocrx_word' id='word_1_60' title='bbox 735 1333 782 1396; x_wconf 81' lang='grc'><strong><em>17.</em></strong></span> <span class='ocrx_word' id='word_1_61' title='bbox 807 1334 858 1406; x_wconf 77' lang='lat'><strong><em>11,</em></strong></span> <span class='ocrx_word' id='word_1_62' title='bbox 882 1333 902 1395; x_wconf 82' lang='lat'><strong>2</strong></span> <span class='ocrx_word' id='word_1_63' title='bbox 925 1332 1058 1417; x_wconf 73' lang='lat' dir='ltr'><strong><em>teyimus</em></strong></span> <span class='ocrx_word' id='word_1_64' title='bbox 1083 1334 1117 1397; x_wconf 91' lang='lat' dir='ltr'><strong><em>in</em></strong></span> <span class='ocrx_word' id='word_1_65' title='bbox 1146 1340 1261 1400; x_wconf 84' lang='lat' dir='ltr'><strong><em>ueteres</em></strong></span> <span class='ocrx_word' id='word_1_66' title='bbox 1281 1354 1292 1400; x_wconf 84' lang='lat'><strong><em>·.</em></strong></span> <span class='ocrx_word' id='word_1_67' title='bbox 1318 1385 1325 1400; x_wconf 90' lang='lat'><strong><em>.</em></strong></span> <span class='ocrx_word' id='word_1_68' title='bbox 1351 1386 1358 1401; x_wconf 93' lang='lat'><strong>.</strong></span> <span class='ocrx_word' id='word_1_69' title='bbox 1383 1335 1478 1400; x_wconf 85' lang='lat' dir='ltr'><strong><em>duces</em></strong></span> 
     </span>
     <span class='ocr_line' id='line_1_9' title="bbox 334 1436 1479 1521; baseline 0.002 -23"><span class='ocrx_word' id='word_1_70' title='bbox 334 1436 413 1499; x_wconf 86' lang='lat' dir='ltr'><strong><em>uitia</em></strong></span> <span class='ocrx_word' id='word_1_71' title='bbox 437 1436 640 1521; x_wconf 80' lang='lat' dir='ltr'><strong><em>orieninoque,</em></strong></span> <span class='ocrx_word' id='word_1_72' title='bbox 662 1436 755 1499; x_wconf 86' lang='lat' dir='ltr'><strong><em>etiarn</em></strong></span> <span class='ocrx_word' id='word_1_73' title='bbox 772 1437 801 1500; x_wconf 87' lang='lat' dir='ltr'><strong><em>si</em></strong></span> <span class='ocrx_word' id='word_1_74' title='bbox 814 1437 951 1500; x_wconf 84' lang='lat' dir='ltr'><strong><em>inueniri</em></strong></span> <span class='ocrx_word' id='word_1_75' title='bbox 970 1457 1033 1501; x_wconf 92' lang='lat' dir='ltr'><strong><em>nou</em></strong></span> <span class='ocrx_word' id='word_1_76' title='bbox 1052 1442 1211 1520; x_wconf 74' lang='lat' dir='ltr'><strong><em>poterunt,</em></strong></span> <span class='ocrx_word' id='word_1_77' title='bbox 1226 1438 1365 1520; x_wconf 73' lang='lat' dir='ltr'><strong><em>finxisse</em></strong></span> <span class='ocrx_word' id='word_1_78' title='bbox 1386 1438 1479 1502; x_wconf 81' lang='lat' dir='ltr'><strong><em>raali-</em></strong></span> 
     </span>
     <span class='ocr_line' id='line_1_10' title="bbox 335 1541 495 1622; baseline 0.013 -20"><span class='ocrx_word' id='word_1_79' title='bbox 335 1541 495 1622; x_wconf 65' lang='lat' dir='ltr'><strong><em>unitatem.</em></strong></span> 
     </span>
    </p>

    <p class='ocr_par' dir='ltr' id='par_1_4' title="bbox 329 1641 1478 4113">
     <span class='ocr_line' id='line_1_11' title="bbox 442 1641 1477 1730; baseline 0 -22"><span class='ocrx_word' id='word_1_80' title='bbox 442 1645 469 1708; x_wconf 84' lang='grc'><strong><em>7.</em></strong></span> <span class='ocrx_word' id='word_1_81' title='bbox 503 1643 639 1727; x_wconf 76' lang='lat' dir='ltr'><strong><em>quaint</em></strong></span> <span class='ocrx_word' id='word_1_82' title='bbox 647 1641 729 1706; x_wconf 89' lang='lat' dir='ltr'><strong><em>ibet</em></strong></span> <span class='ocrx_word' id='word_1_83' title='bbox 750 1648 798 1706; x_wconf 89' lang='lat' dir='ltr'><strong><em>tor</em></strong></span> <span class='ocrx_word' id='word_1_84' title='bbox 821 1641 954 1725; x_wconf 86' lang='lat' dir='ltr'><strong><em>legitur:</em></strong></span> <span class='ocrx_word' id='word_1_85' title='bbox 978 1663 1049 1706; x_wconf 90' lang='lat' dir='ltr'><strong><em>oum</em></strong></span> <span class='ocrx_word' id='word_1_86' title='bbox 1072 1641 1253 1724; x_wconf 85' lang='lat' dir='ltr'><strong><em>indicativo,</em></strong></span> <span class='ocrx_word' id='word_1_87' title='bbox 1276 1643 1333 1709; x_wconf 90' lang='lat' dir='ltr'><strong><em>ubi</em></strong></span> <span class='ocrx_word' id='word_1_88' title='bbox 1350 1643 1383 1708; x_wconf 90' lang='lat' dir='ltr'><strong><em>in</em></strong></span> <span class='ocrx_word' id='word_1_89' title='bbox 1399 1665 1477 1730; x_wconf 85' lang='lat' dir='ltr'><strong><em>apo·</em></strong></span> 
     </span>
     <span class='ocr_line' id='line_1_12' title="bbox 333 1746 1476 1831; baseline 0 -19"><span class='ocrx_word' id='word_1_90' title='bbox 333 1747 405 1812; x_wconf 81' lang='lat' dir='ltr'><strong><em>bosi</em></strong></span> <span class='ocrx_word' id='word_1_91' title='bbox 435 1746 596 1826; x_wconf 84' lang='lat' dir='ltr'><strong><em>futurum,</em></strong></span> <span class='ocrx_word' id='word_1_92' title='bbox 629 1767 700 1810; x_wconf 87' lang='lat' dir='ltr'><strong><em>oum</em></strong></span> <span class='ocrx_word' id='word_1_93' title='bbox 733 1746 951 1829; x_wconf 77' lang='lat' dir='ltr'><strong><em>coniunctim,</em></strong></span> <span class='ocrx_word' id='word_1_94' title='bbox 985 1746 1039 1811; x_wconf 92' lang='lat' dir='ltr'><strong><em>ubi</em></strong></span> <span class='ocrx_word' id='word_1_95' title='bbox 1070 1747 1104 1810; x_wconf 90' lang='lat' dir='ltr'><strong><em>in</em></strong></span> <span class='ocrx_word' id='word_1_96' title='bbox 1136 1747 1294 1812; x_wconf 86' lang='lat' dir='ltr'><strong><em>sententie</em></strong></span> <span class='ocrx_word' id='word_1_97' title='bbox 1326 1747 1476 1831; x_wconf 81' lang='lat' dir='ltr'><strong><em>primerio</em></strong></span> 
     </span>
     <span class='ocr_line' id='line_1_13' title="bbox 333 1849 1477 1937; baseline -0.002 -21"><span class='ocrx_word' id='word_1_98' title='bbox 333 1851 543 1937; x_wconf 83' lang='lat' dir='ltr'><strong><em>praeteritum</em></strong></span> <span class='ocrx_word' id='word_1_99' title='bbox 567 1856 693 1935; x_wconf 88' lang='lat' dir='ltr'><strong><em>tempus</em></strong></span> <span class='ocrx_word' id='word_1_100' title='bbox 716 1849 906 1935; x_wconf 82' lang='lat' dir='ltr'><strong><em>praebetur:</em></strong></span> <span class='ocrx_word' id='word_1_101' title='bbox 951 1851 1001 1915; x_wconf 87' lang='grc'><strong><em>28.</em></strong></span> <span class='ocrx_word' id='word_1_102' title='bbox 1027 1849 1373 1935; x_wconf 58' lang='lat' dir='ltr'><strong><em>unaquaelibet</em></strong></span> <span class='ocrx_word' id='word_1_103' title='bbox 1404 1858 1477 1916; x_wconf 86' lang='lat' dir='ltr'><strong><em>tern-</em></strong></span> 
     </span>
     <span class='ocr_line' id='line_1_14' title="bbox 330 1953 1477 2040; baseline 0 -21"><span class='ocrx_word' id='word_1_104' title='bbox 330 1956 486 2038; x_wconf 82' lang='lat' dir='ltr'><strong><em>pestioum</em></strong></span> <span class='ocrx_word' id='word_1_105' title='bbox 510 1961 564 2036; x_wconf 86' lang='lat' dir='ltr'><strong><em>est,</em></strong></span> <span class='ocrx_word' id='word_1_106' title='bbox 590 2004 598 2019; x_wconf 91' lang='lat'><strong>.</strong></span> <span class='ocrx_word' id='word_1_107' title='bbox 622 2001 629 2018; x_wconf 91' lang='lat'>.</span> <span class='ocrx_word' id='word_1_108' title='bbox 654 2000 661 2017; x_wconf 87' lang='lat'><strong>.</strong></span> <span class='ocrx_word' id='word_1_109' title='bbox 685 1959 789 2017; x_wconf 85' lang='lat' dir='ltr'><strong><em>tanren</em></strong></span> <span class='ocrx_word' id='word_1_110' title='bbox 813 2004 820 2018; x_wconf 91' lang='lat'><strong>.</strong></span> <span class='ocrx_word' id='word_1_111' title='bbox 845 2004 852 2018; x_wconf 92' lang='lat'>.</span> <span class='ocrx_word' id='word_1_112' title='bbox 878 2003 885 2018; x_wconf 91' lang='lat'><strong>.</strong></span> <span class='ocrx_word' id='word_1_113' title='bbox 909 1953 1157 2035; x_wconf 77' lang='lat' dir='ltr'><strong><em>inmorobineur3</em></strong></span> <span class='ocrx_word' id='word_1_114' title='bbox 1182 1955 1232 2018; x_wconf 87' lang='grc'><strong><em>29.</em></strong></span> <span class='ocrx_word' id='word_1_115' title='bbox 1258 1955 1287 2036; x_wconf 84' lang='lat' dir='ltr'><strong><em>b,</em></strong></span> <span class='ocrx_word' id='word_1_116' title='bbox 1302 1956 1344 2018; x_wconf 88' lang='grc'><strong><em>44</em></strong></span> <span class='ocrx_word' id='word_1_117' title='bbox 1367 1975 1477 2040; x_wconf 82' lang='lat' dir='ltr'><strong><em>quarn-</em></strong></span> 
     </span>
     <span class='ocr_line' id='line_1_15' title="bbox 335 2057 1477 2143; baseline 0 -20"><span class='ocrx_word' id='word_1_118' title='bbox 335 2059 406 2123; x_wconf 88' lang='lat' dir='ltr'><strong><em>tibet</em></strong></span> <span class='ocrx_word' id='word_1_119' title='bbox 421 2058 516 2143; x_wconf 85' lang='lat' dir='ltr'><strong><em>faoto</em></strong></span> <span class='ocrx_word' id='word_1_120' title='bbox 538 2059 572 2121; x_wconf 91' lang='lat' dir='ltr'><strong><em>in</em></strong></span> <span class='ocrx_word' id='word_1_121' title='bbox 595 2057 710 2122; x_wconf 84' lang='lat' dir='ltr'><strong><em>bostem</em></strong></span> <span class='ocrx_word' id='word_1_122' title='bbox 733 2058 874 2141; x_wconf 81' lang='lat' dir='ltr'><strong><em>impetu.</em></strong></span> <span class='ocrx_word' id='word_1_123' title='bbox 899 2108 907 2122; x_wconf 91' lang='lat'><strong>.</strong></span> <span class='ocrx_word' id='word_1_124' title='bbox 932 2107 939 2122; x_wconf 91' lang='lat'>.</span> <span class='ocrx_word' id='word_1_125' title='bbox 962 2058 1124 2141; x_wconf 82' lang='lat' dir='ltr'><strong><em>operuerit</em></strong></span> <span class='ocrx_word' id='word_1_126' title='bbox 1147 2059 1231 2122; x_wconf 88' lang='lat' dir='ltr'><strong><em>oiorn</em></strong></span> <span class='ocrx_word' id='word_1_127' title='bbox 1254 2108 1262 2122; x_wconf 85' lang='lat'><strong>.</strong></span> <span class='ocrx_word' id='word_1_128' title='bbox 1288 2108 1296 2123; x_wconf 85' lang='lat'><strong>.</strong></span> <span class='ocrx_word' id='word_1_129' title='bbox 1320 2105 1327 2122; x_wconf 90' lang='lat'><strong>.</strong></span> <span class='ocrx_word' id='word_1_130' title='bbox 1339 2107 1347 2138; x_wconf 88' lang='lat'>,</span> <span class='ocrx_word' id='word_1_131' title='bbox 1371 2065 1477 2123; x_wconf 88' lang='lat' dir='ltr'><strong><em>tomen</em></strong></span> 
     </span>
     <span class='ocr_line' id='line_1_16' title="bbox 336 2161 1477 2246; baseline 0 -18"><span class='ocrx_word' id='word_1_132' title='bbox 336 2212 343 2228; x_wconf 95' lang='lat'><strong>.</strong></span> <span class='ocrx_word' id='word_1_133' title='bbox 368 2212 376 2228; x_wconf 91' lang='lat'><strong>.</strong></span> <span class='ocrx_word' id='word_1_134' title='bbox 402 2214 409 2228; x_wconf 95' lang='lat'><strong>.</strong></span> <span class='ocrx_word' id='word_1_135' title='bbox 432 2164 560 2228; x_wconf 85' lang='lat' dir='ltr'><strong><em>reuertit</em></strong></span> <span class='ocrx_word' id='word_1_136' title='bbox 582 2162 626 2227; x_wconf 91' lang='lat' dir='ltr'><strong><em>od</em></strong></span> <span class='ocrx_word' id='word_1_137' title='bbox 649 2211 656 2225; x_wconf 94' lang='lat'>.</span> <span class='ocrx_word' id='word_1_138' title='bbox 682 2213 688 2227; x_wconf 94' lang='lat'>.</span> <span class='ocrx_word' id='word_1_139' title='bbox 712 2213 720 2228; x_wconf 90' lang='lat'><strong>.</strong></span> <span class='ocrx_word' id='word_1_140' title='bbox 745 2161 925 2243; x_wconf 84' lang='lat' dir='ltr'><strong><em>eastdtum3</em></strong></span> <span class='ocrx_word' id='word_1_141' title='bbox 956 2163 1007 2226; x_wconf 86' lang='lat'><strong><em>28.</em></strong></span> <span class='ocrx_word' id='word_1_142' title='bbox 1032 2163 1062 2242; x_wconf 81' lang='grc'><strong><em>2,</em></strong></span> <span class='ocrx_word' id='word_1_143' title='bbox 1087 2163 1127 2224; x_wconf 92' lang='grc'><strong><em>12</em></strong></span> <span class='ocrx_word' id='word_1_144' title='bbox 1155 2167 1183 2224; x_wconf 89' lang='lat' dir='ltr'><strong><em>et</em></strong></span> <span class='ocrx_word' id='word_1_145' title='bbox 1205 2161 1373 2246; x_wconf 84' lang='lat' dir='ltr'><strong><em>quarutibet</em></strong></span> <span class='ocrx_word' id='word_1_146' title='bbox 1404 2184 1477 2228; x_wconf 90' lang='lat' dir='ltr'><strong><em>eon·</em></strong></span> 
     </span>
     <span class='ocr_line' id='line_1_17' title="bbox 333 2264 1476 2352; baseline 0.001 -22"><span class='ocrx_word' id='word_1_147' title='bbox 333 2268 438 2332; x_wconf 87' lang='lat' dir='ltr'><strong><em>iurati</em></strong></span> <span class='ocrx_word' id='word_1_148' title='bbox 465 2269 637 2332; x_wconf 85' lang='lat' dir='ltr'><strong><em>multorum</em></strong></span> <span class='ocrx_word' id='word_1_149' title='bbox 668 2286 740 2352; x_wconf 80' lang='lat' dir='ltr'><strong><em>opes</em></strong></span> <span class='ocrx_word' id='word_1_150' title='bbox 765 2267 962 2345; x_wconf 80' lang='lat' dir='ltr'><strong><em>attriverint,</em></strong></span> <span class='ocrx_word' id='word_1_151' title='bbox 994 2272 1152 2350; x_wconf 78' lang='lat' dir='ltr'><strong><em>oestroque</em></strong></span> <span class='ocrx_word' id='word_1_152' title='bbox 1183 2266 1320 2348; x_wconf 80' lang='lat' dir='ltr'><strong><em>concepti</em></strong></span> <span class='ocrx_word' id='word_1_153' title='bbox 1340 2264 1476 2348; x_wconf 90' lang='lat' dir='ltr'><strong><em>furoris</em></strong></span> 
     </span>
     <span class='ocr_line' id='line_1_18' title="bbox 334 2368 1476 2455; baseline -0.001 -20"><span class='ocrx_word' id='word_1_154' title='bbox 334 2371 490 2455; x_wconf 75' lang='lat' dir='ltr'><strong><em>eeoyitati</em></strong></span> <span class='ocrx_word' id='word_1_155' title='bbox 513 2372 620 2436; x_wconf 83' lang='lat' dir='ltr'><strong><em>caedes</em></strong></span> <span class='ocrx_word' id='word_1_156' title='bbox 641 2371 766 2435; x_wconf 82' lang='lat' dir='ltr'><strong><em>edidere</em></strong></span> <span class='ocrx_word' id='word_1_157' title='bbox 780 2371 945 2453; x_wconf 75' lang='lat' dir='ltr'><strong><em>laetificas,</em></strong></span> <span class='ocrx_word' id='word_1_158' title='bbox 968 2370 1136 2455; x_wconf 72' lang='lat' dir='ltr'><strong><em>sanquinis</em></strong></span> <span class='ocrx_word' id='word_1_159' title='bbox 1152 2368 1251 2434; x_wconf 88' lang='lat' dir='ltr'><strong><em>nibito</em></strong></span> <span class='ocrx_word' id='word_1_160' title='bbox 1266 2370 1372 2434; x_wconf 89' lang='lat' dir='ltr'><strong><em>miuus</em></strong></span> <span class='ocrx_word' id='word_1_161' title='bbox 1387 2371 1476 2434; x_wconf 83' lang='lat' dir='ltr'><strong><em>ouidi</em></strong></span> 
     </span>
     <span class='ocr_line' id='line_1_19' title="bbox 333 2471 1473 2560; baseline -0.004 -20"><span class='ocrx_word' id='word_1_162' title='bbox 333 2495 428 2560; x_wconf 82' lang='lat' dir='ltr'><strong><em>quarn</em></strong></span> <span class='ocrx_word' id='word_1_163' title='bbox 447 2475 656 2559; x_wconf 78' lang='lat' dir='ltr'><strong><em>praedarum,</em></strong></span> <span class='ocrx_word' id='word_1_164' title='bbox 680 2496 778 2560; x_wconf 89' lang='lat' dir='ltr'><strong><em>quem</em></strong></span> <span class='ocrx_word' id='word_1_165' title='bbox 800 2475 905 2538; x_wconf 88' lang='lat' dir='ltr'><strong><em>locum</em></strong></span> <span class='ocrx_word' id='word_1_166' title='bbox 928 2473 1022 2538; x_wconf 90' lang='lat' dir='ltr'><strong><em>foede</em></strong></span> <span class='ocrx_word' id='word_1_167' title='bbox 1047 2474 1256 2556; x_wconf 84' lang='lat' dir='ltr'><strong><em>deprevatum</em></strong></span> <span class='ocrx_word' id='word_1_168' title='bbox 1274 2509 1316 2522; x_wconf 87' lang='lat'><strong><em>--</em></strong></span> <span class='ocrx_word' id='word_1_169' title='bbox 1332 2471 1473 2536; x_wconf 52' lang='lat' dir='ltr'><strong><em>eoru:</em></strong></span> 
     </span>
     <span class='ocr_line' id='line_1_20' title="bbox 336 2575 1472 2662; baseline -0.004 -21"><span class='ocrx_word' id='word_1_170' title='bbox 336 2577 547 2643; x_wconf 70' lang='lat' dir='ltr'><strong><em>attribuerint</em></strong></span> <span class='ocrx_word' id='word_1_171' title='bbox 569 2576 698 2660; x_wconf 80' lang='lat' dir='ltr'><strong><em>[laeuus</em></strong></span> <span class='ocrx_word' id='word_1_172' title='bbox 721 2580 740 2641; x_wconf 91' lang='lat'>8</span> <span class='ocrx_word' id='word_1_173' title='bbox 764 2575 835 2659; x_wconf 85' lang='lat' dir='ltr'><strong><em>litt]</em></strong></span> <span class='ocrx_word' id='word_1_174' title='bbox 858 2583 983 2662; x_wconf 81' lang='lat' dir='ltr'><strong><em>troque3</em></strong></span> <span class='ocrx_word' id='word_1_175' title='bbox 1014 2576 1181 2641; x_wconf 82' lang='lat' dir='ltr'><strong><em>Gelenius:</em></strong></span> <span class='ocrx_word' id='word_1_176' title='bbox 1211 2575 1472 2640; x_wconf 69' lang='lat' dir='ltr'><strong><em>attribuerentur</em></strong></span> 
     </span>
     <span class='ocr_line' id='line_1_21' title="bbox 336 2677 1472 2765; baseline -0.004 -19"><span class='ocrx_word' id='word_1_177' title='bbox 336 2687 441 2746; x_wconf 86' lang='lat' dir='ltr'><strong><em>tamen</em></strong></span> <span class='ocrx_word' id='word_1_178' title='bbox 463 2689 564 2747; x_wconf 87' lang='lat' dir='ltr'><strong><em>oestro</em></strong></span> <span class='ocrx_word' id='word_1_179' title='bbox 587 2717 627 2727; x_wconf 93' lang='lat'><em>-</em></span> <span class='ocrx_word' id='word_1_180' title='bbox 651 2682 697 2747; x_wconf 87' lang='lat' dir='ltr'><strong><em>sie</em></strong></span> <span class='ocrx_word' id='word_1_181' title='bbox 711 2680 994 2765; x_wconf 83' lang='lat' dir='ltr'><strong><em>redintegrandum</em></strong></span> <span class='ocrx_word' id='word_1_182' title='bbox 1015 2701 1086 2746; x_wconf 87' lang='lat' dir='ltr'><strong><em>esse</em></strong></span> <span class='ocrx_word' id='word_1_183' title='bbox 1101 2701 1237 2746; x_wconf 84' lang='lat' dir='ltr'><strong><em>censeo:</em></strong></span> <span class='ocrx_word' id='word_1_184' title='bbox 1260 2687 1289 2744; x_wconf 94' lang='lat' dir='ltr'><strong><em>et</em></strong></span> <span class='ocrx_word' id='word_1_185' title='bbox 1303 2677 1472 2764; x_wconf 80' lang='lat' dir='ltr'><strong><em>quamlibet</em></strong></span> 
     </span>
     <span class='ocr_line' id='line_1_22' title="bbox 336 2783 1475 2870; baseline -0.003 -20"><span class='ocrx_word' id='word_1_186' title='bbox 336 2787 496 2852; x_wconf 82' lang='lat' dir='ltr'><strong><em>coniurati</em></strong></span> <span class='ocrx_word' id='word_1_187' title='bbox 509 2788 680 2852; x_wconf 83' lang='lat' dir='ltr'><strong><em>multorum</em></strong></span> <span class='ocrx_word' id='word_1_188' title='bbox 703 2807 774 2870; x_wconf 80' lang='lat' dir='ltr'><strong><em>opes</em></strong></span> <span class='ocrx_word' id='word_1_189' title='bbox 793 2785 996 2850; x_wconf 83' lang='lat' dir='ltr'><strong><em>attribuerint</em></strong></span> <span class='ocrx_word' id='word_1_190' title='bbox 1010 2783 1080 2867; x_wconf 87' lang='lat' dir='ltr'><strong><em>sibi,</em></strong></span> <span class='ocrx_word' id='word_1_191' title='bbox 1096 2791 1200 2849; x_wconf 86' lang='lat' dir='ltr'><strong><em>tumen</em></strong></span> <span class='ocrx_word' id='word_1_192' title='bbox 1215 2790 1315 2849; x_wconf 88' lang='lat' dir='ltr'><strong><em>oestro</em></strong></span> <span class='ocrx_word' id='word_1_193' title='bbox 1333 2784 1475 2866; x_wconf 82' lang='lat' dir='ltr'><strong><em>consepti</em></strong></span> 
     </span>
     <span class='ocr_line' id='line_1_23' title="bbox 330 2887 1473 2975; baseline -0.003 -21"><span class='ocrx_word' id='word_1_194' title='bbox 330 2889 458 2972; x_wconf 75' lang='lat' dir='ltr'><strong><em>furoris</em></strong></span> <span class='ocrx_word' id='word_1_195' title='bbox 488 2891 643 2975; x_wconf 72' lang='lat' dir='ltr'><strong><em>eaaqitoti</em></strong></span> <span class='ocrx_word' id='word_1_196' title='bbox 676 2890 784 2956; x_wconf 82' lang='lat' dir='ltr'><strong><em>coedes</em></strong></span> <span class='ocrx_word' id='word_1_197' title='bbox 813 2890 935 2954; x_wconf 85' lang='lat' dir='ltr'><strong><em>edidere</em></strong></span> <span class='ocrx_word' id='word_1_198' title='bbox 964 2890 1139 2974; x_wconf 74' lang='lat' dir='ltr'><strong><em>laetificas,</em></strong></span> <span class='ocrx_word' id='word_1_199' title='bbox 1171 2889 1339 2972; x_wconf 75' lang='lat' dir='ltr'><strong><em>sanquinis</em></strong></span> <span class='ocrx_word' id='word_1_200' title='bbox 1373 2887 1473 2951; x_wconf 90' lang='lat' dir='ltr'><strong><em>uibilo</em></strong></span> 
     </span>
     <span class='ocr_line' id='line_1_24' title="bbox 331 2990 1472 3079; baseline 0 -23"><span class='ocrx_word' id='word_1_201' title='bbox 331 2995 436 3058; x_wconf 86' lang='lat' dir='ltr'><strong><em>miuus</em></strong></span> <span class='ocrx_word' id='word_1_202' title='bbox 460 2993 547 3058; x_wconf 83' lang='lat' dir='ltr'><strong><em>ouidi</em></strong></span> <span class='ocrx_word' id='word_1_203' title='bbox 568 3013 662 3079; x_wconf 80' lang='lat' dir='ltr'><strong><em>quone</em></strong></span> <span class='ocrx_word' id='word_1_204' title='bbox 683 2995 891 3078; x_wconf 84' lang='lat' dir='ltr'><strong><em>praedarum.</em></strong></span> <span class='ocrx_word' id='word_1_205' title='bbox 935 2992 1171 3070; x_wconf 84' lang='lat' dir='ltr'><strong><em>Praedicutum,</em></strong></span> <span class='ocrx_word' id='word_1_206' title='bbox 1198 2990 1284 3077; x_wconf 91' lang='lat' dir='ltr'><strong><em>quod</em></strong></span> <span class='ocrx_word' id='word_1_207' title='bbox 1307 2997 1355 3056; x_wconf 89' lang='lat' dir='ltr'><strong><em>est</em></strong></span> <span class='ocrx_word' id='word_1_208' title='bbox 1378 2992 1472 3056; x_wconf 88' lang='lat' dir='ltr'><strong><em>attri-</em></strong></span> 
     </span>
     <span class='ocr_line' id='line_1_25' title="bbox 331 3095 1468 3182; baseline -0.002 -20"><span class='ocrx_word' id='word_1_209' title='bbox 331 3095 432 3180; x_wconf 88' lang='lat' dir='ltr'><strong><em>buere,</em></strong></span> <span class='ocrx_word' id='word_1_210' title='bbox 456 3119 528 3163; x_wconf 87' lang='lat' dir='ltr'><strong><em>oum</em></strong></span> <span class='ocrx_word' id='word_1_211' title='bbox 551 3107 583 3162; x_wconf 90' lang='lat' dir='ltr'><strong><em>et</em></strong></span> <span class='ocrx_word' id='word_1_212' title='bbox 605 3098 638 3161; x_wconf 90' lang='lat' dir='ltr'><strong><em>in</em></strong></span> <span class='ocrx_word' id='word_1_213' title='bbox 661 3097 769 3162; x_wconf 82' lang='lat' dir='ltr'><strong><em>codiee</em></strong></span> <span class='ocrx_word' id='word_1_214' title='bbox 786 3096 943 3162; x_wconf 79' lang='lat' dir='ltr'><strong><em>Vaticano</em></strong></span> <span class='ocrx_word' id='word_1_215' title='bbox 968 3103 999 3160; x_wconf 91' lang='lat' dir='ltr'><strong><em>et</em></strong></span> <span class='ocrx_word' id='word_1_216' title='bbox 1021 3096 1106 3182; x_wconf 82' lang='lat' dir='ltr'><strong><em>apud</em></strong></span> <span class='ocrx_word' id='word_1_217' title='bbox 1120 3095 1291 3162; x_wconf 78' lang='lat' dir='ltr'><strong><em>Gelonium</em></strong></span> <span class='ocrx_word' id='word_1_218' title='bbox 1306 3101 1468 3161; x_wconf 82' lang='lat' dir='ltr'><strong><em>servatum</em></strong></span> 
     </span>
     <span class='ocr_line' id='line_1_26' title="bbox 332 3197 1469 3281; baseline -0.002 -15"><span class='ocrx_word' id='word_1_219' title='bbox 332 3201 382 3281; x_wconf 88' lang='lat' dir='ltr'><strong><em>sit,</em></strong></span> <span class='ocrx_word' id='word_1_220' title='bbox 406 3201 533 3267; x_wconf 88' lang='lat' dir='ltr'><strong><em>omnino</em></strong></span> <span class='ocrx_word' id='word_1_221' title='bbox 556 3201 756 3267; x_wconf 86' lang='lat' dir='ltr'><strong><em>retinendum</em></strong></span> <span class='ocrx_word' id='word_1_222' title='bbox 781 3206 838 3265; x_wconf 90' lang='lat' dir='ltr'><strong><em>est.</em></strong></span> <span class='ocrx_word' id='word_1_223' title='bbox 875 3202 978 3266; x_wconf 81' lang='lat' dir='ltr'><strong><em>Deest</em></strong></span> <span class='ocrx_word' id='word_1_224' title='bbox 992 3208 1100 3265; x_wconf 84' lang='lat' dir='ltr'><strong><em>sutem</em></strong></span> <span class='ocrx_word' id='word_1_225' title='bbox 1122 3198 1249 3264; x_wconf 85' lang='lat' dir='ltr'><strong><em>dativus</em></strong></span> <span class='ocrx_word' id='word_1_226' title='bbox 1272 3197 1312 3262; x_wconf 86' lang='lat' dir='ltr'><strong><em>ad</em></strong></span> <span class='ocrx_word' id='word_1_227' title='bbox 1335 3199 1469 3264; x_wconf 82' lang='lat' dir='ltr'><strong><em>verbum</em></strong></span> 
     </span>
     <span class='ocr_line' id='line_1_27' title="bbox 333 3303 1469 3391; baseline -0.001 -22"><span class='ocrx_word' id='word_1_228' title='bbox 333 3305 528 3371; x_wconf 88' lang='lat' dir='ltr'><strong><em>attribuendi</em></strong></span> <span class='ocrx_word' id='word_1_229' title='bbox 549 3306 721 3391; x_wconf 88' lang='lat' dir='ltr'><strong><em>pertinens,</em></strong></span> <span class='ocrx_word' id='word_1_230' title='bbox 745 3305 799 3390; x_wconf 94' lang='lat' dir='ltr'><strong><em>qui</em></strong></span> <span class='ocrx_word' id='word_1_231' title='bbox 822 3305 909 3370; x_wconf 90' lang='lat' dir='ltr'><strong><em>nullo</em></strong></span> <span class='ocrx_word' id='word_1_232' title='bbox 931 3306 994 3369; x_wconf 83' lang='lat' dir='ltr'><strong><em>elio</em></strong></span> <span class='ocrx_word' id='word_1_233' title='bbox 1017 3307 1089 3370; x_wconf 86' lang='lat' dir='ltr'><strong><em>loeo</em></strong></span> <span class='ocrx_word' id='word_1_234' title='bbox 1110 3305 1171 3369; x_wconf 90' lang='lat' dir='ltr'><strong><em>nisi</em></strong></span> <span class='ocrx_word' id='word_1_235' title='bbox 1192 3305 1225 3368; x_wconf 90' lang='lat' dir='ltr'><strong><em>in</em></strong></span> <span class='ocrx_word' id='word_1_236' title='bbox 1238 3303 1363 3385; x_wconf 84' lang='lat' dir='ltr'><strong><em>laoune,</em></strong></span> <span class='ocrx_word' id='word_1_237' title='bbox 1386 3323 1469 3387; x_wconf 85' lang='lat' dir='ltr'><strong><em>quae</em></strong></span> 
     </span>
     <span class='ocr_line' id='line_1_28' title="bbox 333 3405 1471 3495; baseline -0.004 -21"><span class='ocrx_word' id='word_1_238' title='bbox 333 3415 405 3495; x_wconf 90' lang='lat' dir='ltr'><strong><em>post</em></strong></span> <span class='ocrx_word' id='word_1_239' title='bbox 435 3409 606 3474; x_wconf 87' lang='lat' dir='ltr'><strong><em>attribuere</em></strong></span> <span class='ocrx_word' id='word_1_240' title='bbox 629 3416 743 3491; x_wconf 79' lang='lat' dir='ltr'><strong><em>exstet,</em></strong></span> <span class='ocrx_word' id='word_1_241' title='bbox 766 3409 866 3474; x_wconf 84' lang='lat' dir='ltr'><strong><em>latere</em></strong></span> <span class='ocrx_word' id='word_1_242' title='bbox 887 3415 1008 3494; x_wconf 76' lang='lat' dir='ltr'><strong><em>potest</em></strong></span> <span class='ocrx_word' id='word_1_243' title='bbox 1049 3408 1158 3474; x_wconf 80' lang='lat' dir='ltr'><strong><em>Facile</em></strong></span> <span class='ocrx_word' id='word_1_244' title='bbox 1186 3407 1357 3472; x_wconf 86' lang='lat' dir='ltr'><strong><em>sonieeeris</em></strong></span> <span class='ocrx_word' id='word_1_245' title='bbox 1386 3405 1471 3470; x_wconf 92' lang='lat' dir='ltr'><strong><em>huno</em></strong></span> 
     </span>
     <span class='ocr_line' id='line_1_29' title="bbox 331 3508 1475 3590; baseline 0 -16"><span class='ocrx_word' id='word_1_246' title='bbox 331 3511 475 3578; x_wconf 86' lang='lat' dir='ltr'><strong><em>dativum</em></strong></span> <span class='ocrx_word' id='word_1_247' title='bbox 498 3511 557 3578; x_wconf 91' lang='lat' dir='ltr'><strong><em>sibi</em></strong></span> <span class='ocrx_word' id='word_1_248' title='bbox 579 3512 688 3580; x_wconf 87' lang='lat' dir='ltr'><strong><em>fuisse.</em></strong></span> <span class='ocrx_word' id='word_1_249' title='bbox 734 3513 829 3588; x_wconf 87' lang='lat' dir='ltr'><strong><em>Quod</em></strong></span> <span class='ocrx_word' id='word_1_250' title='bbox 857 3513 1051 3578; x_wconf 83' lang='lat' dir='ltr'><strong><em>vocabulum</em></strong></span> <span class='ocrx_word' id='word_1_251' title='bbox 1074 3513 1105 3576; x_wconf 94' lang='lat' dir='ltr'><strong><em>in</em></strong></span> <span class='ocrx_word' id='word_1_252' title='bbox 1132 3511 1186 3576; x_wconf 92' lang='lat' dir='ltr'><strong><em>illo</em></strong></span> <span class='ocrx_word' id='word_1_253' title='bbox 1202 3517 1344 3575; x_wconf 87' lang='lat' dir='ltr'><strong><em>-vetusto</em></strong></span> <span class='ocrx_word' id='word_1_254' title='bbox 1376 3508 1475 3590; x_wconf 80' lang='lat' dir='ltr'><strong><em>libro,</em></strong></span> 
     </span>
     <span class='ocr_line' id='line_1_30' title="bbox 332 3612 1474 3702; baseline -0.003 -21"><span class='ocrx_word' id='word_1_255' title='bbox 332 3637 460 3702; x_wconf 84' lang='lat' dir='ltr'><strong><em>ex-quo</em></strong></span> <span class='ocrx_word' id='word_1_256' title='bbox 486 3616 680 3702; x_wconf 76' lang='lat' dir='ltr'><strong><em>archetypus</em></strong></span> <span class='ocrx_word' id='word_1_257' title='bbox 711 3615 828 3681; x_wconf 85' lang='lat' dir='ltr'><strong><em>eodiois</em></strong></span> <span class='ocrx_word' id='word_1_258' title='bbox 852 3616 1001 3682; x_wconf 80' lang='lat' dir='ltr'><strong><em>Vaticani</em></strong></span> <span class='ocrx_word' id='word_1_259' title='bbox 1029 3621 1062 3681; x_wconf 91' lang='lat' dir='ltr'><strong><em>et</em></strong></span> <span class='ocrx_word' id='word_1_260' title='bbox 1091 3615 1289 3681; x_wconf 82' lang='lat' dir='ltr'><strong><em>Gelenianae</em></strong></span> <span class='ocrx_word' id='word_1_261' title='bbox 1315 3612 1474 3678; x_wconf 86' lang='lat' dir='ltr'><strong><em>editionis</em></strong></span> 
     </span>
     <span class='ocr_line' id='line_1_31' title="bbox 332 3718 1474 3806; baseline 0 -24"><span class='ocrx_word' id='word_1_262' title='bbox 332 3719 510 3806; x_wconf 76' lang='lat' dir='ltr'><strong><em>descriptus</em></strong></span> <span class='ocrx_word' id='word_1_263' title='bbox 535 3726 592 3803; x_wconf 88' lang='lat' dir='ltr'><strong><em>est,</em></strong></span> <span class='ocrx_word' id='word_1_264' title='bbox 615 3722 666 3784; x_wconf 84' lang='lat' dir='ltr'><strong><em>vel</em></strong></span> <span class='ocrx_word' id='word_1_265' title='bbox 688 3721 749 3785; x_wconf 86' lang='lat' dir='ltr'><strong><em>inm</em></strong></span> <span class='ocrx_word' id='word_1_266' title='bbox 774 3718 884 3784; x_wconf 84' lang='lat' dir='ltr'><strong><em>deerat</em></strong></span> <span class='ocrx_word' id='word_1_267' title='bbox 908 3720 958 3785; x_wconf 86' lang='lat' dir='ltr'><strong><em>vel</em></strong></span> <span class='ocrx_word' id='word_1_268' title='bbox 984 3720 1028 3783; x_wconf 85' lang='lat' dir='ltr'><strong><em>ita</em></strong></span> <span class='ocrx_word' id='word_1_269' title='bbox 1058 3725 1243 3804; x_wconf 85' lang='lat' dir='ltr'><strong><em>corruptum</em></strong></span> <span class='ocrx_word' id='word_1_270' title='bbox 1274 3725 1351 3797; x_wconf 85' lang='lat' dir='ltr'><strong><em>erat,</em></strong></span> <span class='ocrx_word' id='word_1_271' title='bbox 1387 3724 1423 3781; x_wconf 93' lang='lat' dir='ltr'><strong><em>ut</em></strong></span> <span class='ocrx_word' id='word_1_272' title='bbox 1453 3737 1474 3782; x_wconf 83' lang='lat' dir='ltr'><strong><em>e</em></strong></span> 
     </span>
     <span class='ocr_line' id='line_1_32' title="bbox 333 3819 1478 3910; baseline 0 -24"><span class='ocrx_word' id='word_1_273' title='bbox 333 3823 463 3890; x_wconf 85' lang='lat' dir='ltr'><strong><em>librario</em></strong></span> <span class='ocrx_word' id='word_1_274' title='bbox 485 3825 652 3910; x_wconf 83' lang='lat' dir='ltr'><strong><em>archetypi</em></strong></span> <span class='ocrx_word' id='word_1_275' title='bbox 674 3823 784 3910; x_wconf 81' lang='lat' dir='ltr'><strong><em>dispici</em></strong></span> <span class='ocrx_word' id='word_1_276' title='bbox 806 3844 870 3888; x_wconf 93' lang='lat' dir='ltr'><strong><em>non</em></strong></span> <span class='ocrx_word' id='word_1_277' title='bbox 894 3830 1012 3910; x_wconf 88' lang='lat' dir='ltr'><strong><em>posset.</em></strong></span> <span class='ocrx_word' id='word_1_278' title='bbox 1056 3822 1181 3888; x_wconf 78' lang='lat' dir='ltr'><strong><em>collato</em></strong></span> <span class='ocrx_word' id='word_1_279' title='bbox 1204 3825 1255 3887; x_wconf 87' lang='grc'><strong><em>29.</em></strong></span> <span class='ocrx_word' id='word_1_280' title='bbox 1278 3824 1308 3898; x_wconf 81' lang='grc'><strong><em>5,</em></strong></span> <span class='ocrx_word' id='word_1_281' title='bbox 1331 3824 1383 3903; x_wconf 83' lang='grc'><strong><em>44,</em></strong></span> <span class='ocrx_word' id='word_1_282' title='bbox 1414 3819 1478 3887; x_wconf 86' lang='lat' dir='ltr'><strong><em>ubi</em></strong></span> 
     </span>
     <span class='ocr_line' id='line_1_33' title="bbox 329 3925 1467 4012; baseline -0.003 -20"><span class='ocrx_word' id='word_1_283' title='bbox 329 3925 497 4012; x_wconf 82' lang='lat' dir='ltr'><strong><em>qrrondibet</em></strong></span> <span class='ocrx_word' id='word_1_284' title='bbox 519 3949 591 3992; x_wconf 86' lang='lat' dir='ltr'><strong><em>eum</em></strong></span> <span class='ocrx_word' id='word_1_285' title='bbox 615 3927 816 3992; x_wconf 80' lang='lat' dir='ltr'><strong><em>coniunctivo</em></strong></span> <span class='ocrx_word' id='word_1_286' title='bbox 840 3933 1055 3992; x_wconf 76' lang='lat' dir='ltr'><strong><em>constructum</em></strong></span> <span class='ocrx_word' id='word_1_287' title='bbox 1079 3933 1195 4007; x_wconf 83' lang='lat' dir='ltr'><strong><em>exstat,</em></strong></span> <span class='ocrx_word' id='word_1_288' title='bbox 1218 3926 1250 3989; x_wconf 91' lang='lat' dir='ltr'><strong><em>in</em></strong></span> <span class='ocrx_word' id='word_1_289' title='bbox 1281 3925 1363 3989; x_wconf 82' lang='lat' dir='ltr'><strong><em>hano</em></strong></span> <span class='ocrx_word' id='word_1_290' title='bbox 1393 3945 1467 3989; x_wconf 89' lang='lat' dir='ltr'><strong><em>oon·</em></strong></span> 
     </span>
     <span class='ocr_line' id='line_1_34' title="bbox 330 4019 1467 4113; baseline -0.004 -16"><span class='ocrx_word' id='word_1_291' title='bbox 330 4033 483 4097; x_wconf 82' lang='lat' dir='ltr'><strong><em>ieeturem</em></strong></span> <span class='ocrx_word' id='word_1_292' title='bbox 509 4031 602 4097; x_wconf 79' lang='lat' dir='ltr'><strong><em>fusile</em></strong></span> <span class='ocrx_word' id='word_1_293' title='bbox 633 4031 794 4113; x_wconf 87' lang='lat' dir='ltr'><strong><em>dueimur‚</em></strong></span> <span class='ocrx_word' id='word_1_294' title='bbox 827 4038 862 4096; x_wconf 92' lang='lat' dir='ltr'><strong><em>ut</em></strong></span> <span class='ocrx_word' id='word_1_295' title='bbox 896 4019 1099 4096; x_wconf 83' lang='lat' dir='ltr'><strong><em>attribuerint</em></strong></span> <span class='ocrx_word' id='word_1_296' title='bbox 1133 4051 1206 4095; x_wconf 88' lang='lat' dir='ltr'><strong><em>oum</em></strong></span> <span class='ocrx_word' id='word_1_297' title='bbox 1236 4029 1345 4095; x_wconf 88' lang='lat' dir='ltr'><strong><em>oodioe</em></strong></span> <span class='ocrx_word' id='word_1_298' title='bbox 1377 4028 1467 4093; x_wconf 85' lang='lat' dir='ltr'><strong><em>Veti-</em></strong></span> 
     </span>
    </p>
   </div>
   <div class='ocr_carea' id='block_1_3' title="bbox 331 4131 1599 4637">
    <p class='ocr_par' dir='ltr' id='par_1_5' title="bbox 331 4131 1599 4637">
     <span class='ocr_line' id='line_1_35' title="bbox 331 4131 1470 4221; baseline -0.005 -21"><span class='ocrx_word' id='word_1_299' title='bbox 331 4157 412 4200; x_wconf 83' lang='lat' dir='ltr'><strong><em>oeno</em></strong></span> <span class='ocrx_word' id='word_1_300' title='bbox 454 4135 629 4200; x_wconf 83' lang='lat' dir='ltr'><strong><em>scribamus</em></strong></span> <span class='ocrx_word' id='word_1_301' title='bbox 671 4137 821 4221; x_wconf 81' lang='lat' dir='ltr'><strong><em>neglecte</em></strong></span> <span class='ocrx_word' id='word_1_302' title='bbox 866 4135 991 4200; x_wconf 83' lang='lat' dir='ltr'><strong><em>Goleuii</em></strong></span> <span class='ocrx_word' id='word_1_303' title='bbox 1033 4134 1174 4199; x_wconf 84' lang='lat' dir='ltr'><strong><em>lectione</em></strong></span> <span class='ocrx_word' id='word_1_304' title='bbox 1220 4131 1470 4198; x_wconf 83' lang='lat' dir='ltr'><strong><em>attribuerentur</em></strong></span> 
     </span>
     <span class='ocr_line' id='line_1_36' title="bbox 331 4237 1474 4326; baseline -0.001 -23"><span class='ocrx_word' id='word_1_305' title='bbox 331 4245 418 4326; x_wconf 54' lang='lat' dir='ltr'><strong><em>apto*</em></strong></span> <span class='ocrx_word' id='word_1_306' title='bbox 432 4261 526 4304; x_wconf 87' lang='lat' dir='ltr'><strong><em>sensu</em></strong></span> <span class='ocrx_word' id='word_1_307' title='bbox 545 4246 681 4306; x_wconf 75' lang='lat' dir='ltr'><strong><em>serente.</em></strong></span> <span class='ocrx_word' id='word_1_308' title='bbox 714 4238 919 4304; x_wconf 84' lang='lat' dir='ltr'><strong><em>Manifestum</em></strong></span> <span class='ocrx_word' id='word_1_309' title='bbox 943 4238 1028 4304; x_wconf 89' lang='lat' dir='ltr'><strong><em>enim</em></strong></span> <span class='ocrx_word' id='word_1_310' title='bbox 1051 4242 1099 4303; x_wconf 90' lang='lat' dir='ltr'><strong><em>est</em></strong></span> <span class='ocrx_word' id='word_1_311' title='bbox 1121 4238 1301 4320; x_wconf 81' lang='lat' dir='ltr'><strong><em>Gelenium,</em></strong></span> <span class='ocrx_word' id='word_1_312' title='bbox 1319 4257 1389 4301; x_wconf 87' lang='lat' dir='ltr'><strong><em>oum</em></strong></span> <span class='ocrx_word' id='word_1_313' title='bbox 1416 4237 1474 4302; x_wconf 90' lang='lat' dir='ltr'><strong><em>iur-</em></strong></span> 
     </span>
     <span class='ocr_line' id='line_1_37' title="bbox 332 4343 1599 4430; baseline -0.005 -21"><span class='ocrx_word' id='word_1_314' title='bbox 332 4343 467 4430; x_wconf 86' lang='lat' dir='ltr'><strong><em>&#39;perfeoti</em></strong></span> <span class='ocrx_word' id='word_1_315' title='bbox 483 4343 716 4408; x_wconf 86' lang='lat' dir='ltr'><strong><em>ooniunetivum</em></strong></span> <span class='ocrx_word' id='word_1_316' title='bbox 733 4344 765 4408; x_wconf 93' lang='lat' dir='ltr'><strong><em>in</em></strong></span> <span class='ocrx_word' id='word_1_317' title='bbox 780 4344 950 4409; x_wconf 88' lang='lat' dir='ltr'><strong><em>verborum</em></strong></span> <span class='ocrx_word' id='word_1_318' title='bbox 967 4347 1155 4407; x_wconf 84' lang='lat' dir='ltr'><strong><em>contextum</em></strong></span> <span class='ocrx_word' id='word_1_319' title='bbox 1170 4343 1336 4425; x_wconf 86' lang='lat' dir='ltr'><strong><em>insereret,</em></strong></span> <span class='ocrx_word' id='word_1_320' title='bbox 1351 4348 1472 4405; x_wconf 84' lang='lat' dir='ltr'><strong><em>reatem</em></strong></span> <span class='ocrx_word' id='word_1_321' title='bbox 1598 4411 1599 4416; x_wconf 8' lang='grc' dir='ltr'>γ</span> 
     </span>
     <span class='ocr_line' id='line_1_38' title="bbox 334 4444 1473 4532; baseline -0.003 -19"><span class='ocrx_word' id='word_1_322' title='bbox 334 4456 513 4532; x_wconf 89' lang='lat' dir='ltr'><strong><em>temporum</em></strong></span> <span class='ocrx_word' id='word_1_323' title='bbox 546 4449 799 4514; x_wconf 84' lang='lat' dir='ltr'><strong><em>convenientiam</em></strong></span> <span class='ocrx_word' id='word_1_324' title='bbox 830 4448 997 4512; x_wconf 87' lang='lat' dir='ltr'><strong><em>restituere</em></strong></span> <span class='ocrx_word' id='word_1_325' title='bbox 1029 4447 1177 4512; x_wconf 86' lang='lat' dir='ltr'><strong><em>voluisse.</em></strong></span> <span class='ocrx_word' id='word_1_326' title='bbox 1228 4444 1309 4510; x_wconf 80' lang='lat' dir='ltr'><strong><em>Cum</em></strong></span> <span class='ocrx_word' id='word_1_327' title='bbox 1338 4444 1473 4510; x_wconf 85' lang='lat' dir='ltr'><strong><em>Gelenio</em></strong></span> 
     </span>
     <span class='ocr_line' id='line_1_39' title="bbox 334 4549 1472 4637; baseline 0 -19"><span class='ocrx_word' id='word_1_328' title='bbox 334 4559 443 4620; x_wconf 80' lang='lat' dir='ltr'><strong><em>eutem</em></strong></span> <span class='ocrx_word' id='word_1_329' title='bbox 468 4560 693 4622; x_wconf 84' lang='lat' dir='ltr'><strong><em>tomenoestro</em></strong></span> <span class='ocrx_word' id='word_1_330' title='bbox 721 4552 893 4637; x_wconf 81' lang='lat' dir='ltr'><strong><em>legendum</em></strong></span> <span class='ocrx_word' id='word_1_331' title='bbox 925 4558 974 4616; x_wconf 87' lang='lat' dir='ltr'><strong><em>est</em></strong></span> <span class='ocrx_word' id='word_1_332' title='bbox 1003 4551 1110 4614; x_wconf 87' lang='lat' dir='ltr'><strong><em>deleto</em></strong></span> <span class='ocrx_word' id='word_1_333' title='bbox 1140 4571 1206 4636; x_wconf 83' lang='lat' dir='ltr'><strong><em>que,</em></strong></span> <span class='ocrx_word' id='word_1_334' title='bbox 1239 4549 1323 4634; x_wconf 92' lang='lat' dir='ltr'><strong><em>quod</em></strong></span> <span class='ocrx_word' id='word_1_335' title='bbox 1356 4550 1472 4618; x_wconf 86' lang='lat' dir='ltr'><strong><em>idoneo</em></strong></span> 
     </span>
    </p>
   </div>
   <div class='ocr_carea' id='block_1_4' title="bbox 0 0 1617 5162">
    <p class='ocr_par' dir='ltr' id='par_1_6' title="bbox 0 0 1617 5162">
     <span class='ocr_line' id='line_1_40' title="bbox 0 0 1617 5162; baseline 0 0"><span class='ocrx_word' id='word_1_336' title='bbox 0 0 1617 5162; x_wconf 95' lang='lat' dir='ltr'><strong><em> </em></strong></span> 
     </span>
    </p>
   </div>
  </div>
 </body>
</html>
