3224 5162
659 527 748 617 [ns]
1229 534 1266 596 31

140 753 209 798 rum
231 729 439 797 conformatio
464 727 549 791 urbis
572 724 709 791 Amidae
732 723 935 807 describitur3
958 727 1068 812 itaque
1085 747 1154 790 curn
1178 725 1274 790 turris

139 835 280 902 nondum
301 833 405 898 deleta
430 839 522 912 esset,
546 828 824 917 perperamsur't
839 830 999 894 Ammiani
1020 829 1141 894 calamo
1159 828 1276 894 excidit

137 960 195 1026 pro
218 946 297 1004 erat.
340 937 458 1002 Similis
481 936 569 1000 locus
593 943 641 998 est
665 935 717 999 27.
742 936 771 1014 6,
796 936 815 997 3
842 937 897 1019 qui
918 934 988 998 licet
1018 949 1113 1017 asper
1142 940 1219 998 esset
1247 940 1275 997 et

131 1045 343 1129 formidatus,
371 1039 565 1106 tolerabilior
591 1046 694 1103 tamen
715 1037 783 1121 fuit
805 1045 834 1102 et
852 1038 1085 1122 praeferendus
1109 1090 1116 1105 .
1140 1089 1146 1102 .
1171 1085 1178 1101 .
1202 1045 1275 1103 ante

136 1149 220 1214 dicto
244 1146 376 1232 (Rustic
401 1142 556 1224 Iulianc)-;
594 1145 644 1207 14.
676 1145 712 1218 5,
743 1145 762 1205 2
791 1142 890 1226 fecit3
926 1144 976 1208 16.
1008 1146 1045 1226 b,
1076 1142 1095 1204 b
1125 1142 1276 1208 Iulianus

135 1271 237 1316 cero.
265 1300 273 1317 .
299 1298 325 1330 .‚
354 1249 494 1334 quotiens
523 1247 638 1326 uoluit,
668 1246 827 1329 ccipllouit
857 1253 885 1310 ct
909 1296 916 1313 .
941 1293 949 1310 .
977 1265 1178 1329 casurusne
1204 1293 1212 1309 .
1236 1297 1276 1312 ..

135 1355 255 1419 occulte
276 1352 437 1418 Mercurio
460 1349 673 1434 supplicabam
699 1352 748 1416 15.
772 1351 838 1426 9,8
862 1357 890 1415 et
912 1349 1008 1416 bardi
1028 1352 1149 1433 quidem
1163 1349 1275 1434 fortio

135 1459 279 1522 uirorum
296 1503 304 1519 .
321 1505 328 1520 .
347 1503 354 1520 .
363 1456 461 1541 facta
477 1504 484 1518 .
499 1501 505 1517 .
521 1505 527 1520 .
546 1454 754 1532 cantitoruut,
766 1452 902 1536 subapes
919 1453 1129 1519 ...sublimia
1142 1459 1277 1517 naturae

135 1562 278 1647 paudere
302 1558 592 1637 conabuntur3·15.
618 1559 712 1640 11,-6
743 1555 936 1640 repebantur
963 1605 971 1621 .
995 1607 1003 1622 .
1026 1605 1034 1622 .
1059 1555 1182 1622 Galliae
1205 1607 1212 1622 .
1236 1606 1244 1623 .
1269 1604 1277 1622 .

134 1649 347 1750 potestatem
367 1669 476 1748 partes
499 1662 600 1726 biciso
623 1666 785 1745 quattuor,
819 1681 955 1746 quarum
974 1659 1188 1726 Narbonensis
1210 1681 1277 1726 una

144 1767 347 1834 Viennensem
362 1769 451 1831 iutra
467 1787 497 1830 se
518 1763 739 1830 continebat..
757 1787 785 1830 .:
808 1765 912 1830 altera
933 1764 1105 1846 Aquitanis
1122 1772 1277 1851 praeerat

139 1921 169 1940 ..
183 1873 411 1956 .:superiorem
469 1869 694 1935 .(lcrmaniam
704 1867 879 1956 Belposque
891 1870 971 1934 duce
980 1870 1215 1935 iurisdictiones
1227 1919 1234 1935 .
1248 1917 1255 1934 .
1269 1917 1277 1934 .

138 1999 266 2058 recere3
298 1978 351 2041 rt.
375 1977 405 2056 6,
413 1977 462 2038 26·
467 1972 672 2059 parabantur
700 1973 798 2038 nibilo
825 1975 930 2039 minus
961 1981 1159 2040 serenorum
1188 1980 1279 2057 atquc

141 2082 280 2146 civilium
304 2081 513 2143 instrumenta
536 2077 687 2159 bellorum
708 2085 736 2142 et
760 2076 937 2162 cupebatur
967 2085 1147 2143 turmarum
1178 2097 1279 2162 eques·
1334 2126 1338 2139 .

141 2186 238 2249 trium
262 2203 413 2248 numerus
431 2183 567 2266 parique
589 2181 693 2246 studio
716 2181 929 2264 supplementa
959 2182 1131 2266 lepiouibus
1156 2184 1279 2267 scripta

139 2296 213 2354 sunt
237 2337 295 2354 ...
320 2286 568 2372 omnisqucorolo
590 2335 649 2351 ...
674 2285 862 2368 accolatum
886 2288 939 2350 31.
955 2289 985 2368 6,
1010 2290 1026 2352 l
1054 2286 1278 2352 incendiorum

141 2391 360 2478 mapue'turlinc
378 2397 492 2455 cuncta
500 2387 734 2477 flammant..
751 2439 759 2455 .
777 2427 795 2456 .·
807 2395 921 2473 raptae
936 2397 1009 2455 sunt
1027 2397 1145 2456 matres
1168 2443 1176 2459 .
1194 2440 1227 2458 ..
1250 2400 1279 2458 et

141 2495 302 2580 puberes.
327 2545 334 2560 .
359 2543 366 2559 .
390 2495 487 2560 tracti
509 2500 591 2560 suut.

244 2598 308 2663 111.
353 2598 448 2673 Quod
471 2604 577 2664 autem
600 2599 771 2664 sescenties
801 2599 978 2685 perfectum
1008 2619 1067 2684 pro
1097 2599 1280 2684 plusquam-

143 2704 286 2791 perfecto
311 2704 449 2788 positnm
471 2709 529 2786 est,
560 2701 593 2766 id
615 2703 692 2768 vitio
719 2703 771 2766 vix
803 2702 895 2768 aliter
925 2709 1041 2787 vertas,
1071 2703 1131 2767 nisi
1161 2703 1215 2784 ita,
1243 2710 1280 2769 nt

143 2808 347 2872 Ammianum
368 2808 420 2871 vel
440 2807 607 2892 vulgarem
630 2806 681 2870 vel
703 2807 810 2892 potius
827 2806 985 2871 Graecum
997 2804 1166 2891 quendam
1185 2807 1279 2891 patrii

143 2911 298 2978 sermonis
321 2932 414 2975 usum
435 2911 468 2974 in
483 2911 614 2976 latinam
629 2911 772 2995 linguam
788 2912 988 2976 transtulisse
1002 2917 1108 2996 putes.
1144 2909 1278 2978 Constat

143 3017 227 3081 enirn
244 3015 385 3081 Graecos
409 3014 441 3078 in
462 3035 567 3080 rerum
590 3021 751 3100 gestarum
773 3017 953 3081 narratione
968 3015 1085 3080 consto
1102 3015 1150 3080 uti
1165 3016 1279 3097 solere,

142 3121 196 3187 nbi
221 3119 358 3185 Romani
388 3119 558 3205 scriptores
590 3120 901 3208 plusquamperfecto
934 3126 1073 3185 utantur.
1117 3119 1276 3205 Imprimis

142 3227 174 3290 in
197 3223 363 3289 sententiis
386 3221 590 3289 secundariis
603 3245 640 3288 ac
662 3225 862 3310 potissimum
883 3224 916 3288 in
941 3224 1112 3290 enuntiatis
1138 3225 1279 3290 relativis

144 3337 176 3396 et
199 3327 389 3409 causalibus,
420 3347 502 3412 qnae
530 3347 561 3392 a·
581 3327 855 3393 coniunctionibus
886 3328 978 3412 quod,
1010 3328 1085 3412 quia
1114 3327 1280 3412 incipiunt·

143 3433 223 3499 haec
246 3437 426 3516 temporum
449 3433 654 3497 commutatio
677 3453 772 3497 sunm
787 3429 892 3496 ¹habet
914 3431 1029 3497 locum.
1073 3431 1217 3495 Primum
1240 3451 1278 3497 ca

143 3535 294 3622 exempla
320 3535 492 3620 proferam,
522 3557 564 3602 ex
593 3537 707 3620 quibus
739 3536 913 3623 perfectum
946 3536 977 3598 in
1010 3535 1278 3600 enuntiationibus

142 3640 298 3727 primariis
327 3659 390 3703 non
413 3647 502 3706 recte
530 3660 588 3726 pro
620 3638 930 3727 plusquamperfecto
961 3638 1037 3724 poni
1068 3638 1190 3704 elucet:
1228 3639 1279 3705 20.

144 3749 174 3826 9,
196 3747 216 3808 8
239 3745 430 3828 maqistrum
453 3745 533 3807 enim
556 3745 734 3830 officior-um
762 3746 826 3809 iam
854 3744 979 3827 pridem
1008 3745 1074 3827 lpse
1096 3743 1282 3808 Anatolium

144 3849 321 3927 ordinauit3
346 3849 396 3912 14.
420 3849 451 3929 2,
476 3853 513 3931 93
537 3851 587 3913 21.
613 3852 663 3931 11,
687 3850 726 3931 23
750 3849 800 3912 bt.
824 3850 855 3930 3,
879 3851 917 3928 33
940 3850 991 3912 27.
1015 3849 1047 3920 5,
1070 3848 1099 3910 3.
1144 3844 1213 3910 Iam
1236 3867 1279 3911 ex

144 3950 304 4032 sescentis,
328 3971 411 4036 qnae
434 3952 466 4015 in
489 3953 612 4018 schedis
629 3953 761 4017 collecta
776 3951 891 4034 habeo,
917 3951 1069 4036 exemplis
1086 3967 1188 4034 pauca
1208 3971 1279 4036 per·

144 4056 289 4138 scribam,
325 4056 379 4121 ubi
412 4056 587 4140 perfectum
621 4076 771 4142 perverse
808 4073 866 4141 pro
901 4054 1215 4139 plusquamperfecto
1245 4055 1278 4119 in

145 4161 318 4227 enuntiatis
341 4159 535 4226 secundariis
557 4161 691 4246 legitur:

247 4263 288 4329 A.
333 4263 515 4328 Sententiae
539 4265 698 4329 relativae.
747 4267 796 4328 14.
820 4265 851 4342 3,
873 4266 893 4327 4
916 4279 1046 4326 suarum
1067 4261 1186 4325 indicio
1203 4281 1280 4345 pro·

145 4368 241 4450 ditus,
264 4369 318 4451 qui
333 4415 340 4430 .
358 4415 366 4431 .
384 4416 392 4432 .
416 4366 459 4431 acl
475 4369 644 4450 praesidia
661 4367 814 4433 descivere
828 4365 985 4447 Romana,
1009 4416 1017 4430 .
1035 4412 1042 4428 .
1060 4416 1067 4431 .
1091 4363 1279 4448 tabescebat3

147 4475 195 4536 14.
220 4473 270 4549 11,
294 4472 333 4534 19
356 4471 414 4555 qut
428 4471 589 4556 praesuit3
621 4474 670 4536 14.
695 4475 744 4553 11,
768 4477 809 4537 24
831 4477 945 4535 et-uon
967 4471 1027 4534 diu
1048 4475 1160 4553 postca
1190 4467 1279 4534 ambo

147 4573 312 4658 cruciabili
333 4580 430 4640 morte
451 4575 608 4662 absumpti
629 4582 712 4659 sunt,
735 4577 789 4662 qui
811 4595 879 4640 eum
903 4625 960 4642 ...
985 4574 1029 4639 ud
1051 4595 1146 4659 usquc
1162 4575 1282 4658 plapas
