3224 5162
341 535 382 602 30
862 529 952 616 [142]

444 727 703 805 Hussensteinus‚
737 725 792 810 qui
823 724 957 790 eandem
988 745 1055 790 rem
1088 726 1227 789 breviter
1259 728 1365 812 tetigit
1394 729 1475 793 duo·

341 833 464 916 busque
488 829 642 914 exemplis
665 829 837 893 illustravit
867 828 933 908 (19.
961 832 986 907 l,
1010 831 1044 908 43
1070 829 1121 892 23.
1148 836 1174 913 1,
1199 832 1242 914 t),
1271 831 1312 896 de
1333 831 1388 896 illo
1412 857 1476 900 usu·

340 935 423 1002 hese
456 935 580 999 scribit:
612 930 843 997 ‘coniunctivae
870 933 1049 1016 imperfecti
1075 955 1138 1020 pra
1168 937 1337 1020 partieipia
1363 937 1476 1020 futuri

341 1061 410 1106 aum
437 1061 540 1105 essem
571 1040 677 1104 immota
710 1039 849 1124 sequitur
882 1057 920 1101 ea
948 1041 1125 1120 praesmm's
1155 1061 1217 1105 asa
1240 1061 1305 1125 pra
1338 1048 1476 1126 tempore

336 1145 453 1230 salaro
474 1142 617 1208 adhibiti.
663 1142 708 1206 At
729 1161 859 1228 perraro
883 1161 1032 1225 praesens
1061 1163 1119 1227 pro
1151 1145 1261 1208 futuro
1291 1152 1473 1229 usurpetur.

340 1247 589 1314 Hesseosteinus
612 1247 679 1331 ipse
703 1266 800 1308 unum
816 1244 940 1328 profert
955 1247 1136 1330 exemplum
1152 1245 1220 1332 (16.
1238 1250 1289 1332 12,
1308 1249 1361 1331 11)
1383 1249 1473 1313 verbi

340 1353 421 1418 finiti
448 1375 489 1417 ex
518 1350 629 1426 tribus,
659 1369 757 1433 quse«
774 1371 816 1412 ex
839 1348 1008 1413 Ammiano
1038 1350 1141 1435 colligi
1171 1358 1315 1437 possunt.
1358 1351 1474 1437 Itaque

340 1479 417 1523 usus
441 1457 570 1543 quidem
593 1453 753 1517 Ammiani
774 1453 923 1537 proprius
946 1474 986 1517 ex
1004 1452 1061 1518 heo
1076 1477 1111 1522 re
1127 1457 1257 1540 agnosci
1273 1476 1337 1520 non
1356 1466 1473 1542 potest.
1591 1489 1592 1504 ¹

340 1561 442 1626 Immo
465 1581 562 1626 eausa
583 1559 617 1622 in
639 1578 677 1622 eo
701 1559 761 1621 sits
790 1563 848 1638 est,
879 1556 974 1642 quod,
998 1567 1154 1644 utsupra
1184 1558 1260 1644 dixi,
1283 1559 1474 1628 Ammianus

338 1665 465 1731 omnino
490 1685 509 1728 a
531 1661 765 1727 constructione
781 1660 1009 1745 periphrastios
1025 1662 1119 1728 valdo
1142 1662 1294 1729 abhorret
1321 1663 1383 1746 (of.‘¹
1398 1686 1473 1750 pag.

341 1771 381 1834 37
405 1765 479 1853 sq).

709 1990 778 2074 §s
824 1989 1104 2058 emeruerunt.

443 2186 583 2252 Perieati
613 2187 718 2268 notio,
748 2186 774 2249 si
803 2186 1026 2269 grammaticos
1053 2183 1232 2270 sequimur,
1264 2187 1382 2273 duplex
1413 2194 1471 2271 est,
1592 2187 1593 2206 ³

340 2294 457 2380 quippe
480 2291 534 2376 qui
556 2291 729 2376 perfeetum
752 2290 891 2374 logicum
915 2292 966 2355 vel
989 2311 1139 2376 praesens
1168 2299 1264 2377 atque
1293 2291 1472 2377 perfeetum

341 2397 526 2463 historicum
558 2396 748 2461 discernant.
797 2395 847 2459 De
879 2394 938 2460 hoo
971 2396 1094 2479 paginis
1129 2399 1146 2461 7
1181 2417 1249 2482 sqq.
1280 2417 1363 2481 quae
1396 2397 1473 2460 mihi

341 2501 520 2568 necessaria
542 2500 610 2564 vise
631 2506 707 2563 sunt
722 2497 866 2583 exposui.
905 2498 974 2562 Iam
999 2499 1038 2564 de
1060 2499 1125 2581 illo,
1148 2521 1220 2564 aum
1242 2499 1282 2564 ab
1302 2499 1472 2565 Ammiano

215 2645 217 2652 ι
340 2607 526 2694 plerumque
548 2610 635 2668 reete
658 2608 837 2687 usurpetur,
860 2623 963 2688 pausa
985 2602 1105 2669 dinam:

443 2709 470 2774 Ι.
513 2708 660 2772 Perfecto
676 2705 779 2791 logion
796 2706 878 2770 aetio
893 2706 1060 2788 indicatur,
1082 2727 1163 2792 quse
1181 2725 1218 2772 so
1236 2727 1297 2792 quo
1314 2707 1472 2792 loquimur

340 2821 483 2898 tempore
505 2812 648 2897 perfecte
671 2817 720 2875 est
743 2816 774 2874 et
797 2816 969 2893 transacta,
999 2831 1102 2896 neque
1125 2811 1258 2875 interest
1281 2816 1386 2874 utrum
1410 2833 1470 2894 res,
1593 2827 1594 2862 ³

340 2919 380 2984 de
403 2938 467 3003 qua
488 2923 681 2996 est'serm0‚
713 2915 743 2978 in
775 2916 934 2998 praesenti
963 2921 1106 3000 tempore
1137 2915 1232 2979 duret
1262 2934 1371 2980 neone.
1418 2917 1476 2982 21:
1593 2905 1594 2908 ¹

343 3026 392 3104 16,
416 3025 434 3086 5
458 3020 500 3085 Im
522 3022 586 3084 aito
607 3040 711 3103 parca
733 3025 762 3083 et
784 3018 890 3083 sobria
912 3019 1023 3084 edendi
1043 3019 1232 3104 potandique
1260 3019 1472 3084 mederatione
1593 3033 1594 3044 ¹

339 3125 546 3191 valetudinem
562 3125 609 3189 ita
624 3125 753 3190 retmm't
772 3124 910 3205 firmam,
933 3131 968 3188 at
982 3143 1077 3189 raras
1094 3124 1250 3208 aelliperet
1264 3123 1395 3203 morbos,
1419 3122 1472 3187 seat

340 3250 390 3295 eos
411 3248 474 3294 ream
493 3229 607 3313 procat
630 3249 650 3292 a
672 3229 754 3292 altae
771 3228 944 3311 perieulis:
972 3228 1006 3292 e'd
1033 3230 1113 3293 em'm
1142 3231 1260 3294 eoemire
1290 3225 1477 3312 corporibus*

341 3355 362 3399 a
384 3335 517 3401 lascivia
539 3333 664 3397 dimotis
685 3339 713 3397 et
728 3333 817 3415 laea,
839 3333 992 3397 allaturae
1008 3335 1217 3416 experimenta
1232 3338 1260 3396 et
1271 3331 1472 3417 probatiores

341 3437 484 3502 medendi
505 3443 740 3518 monstrarant3
766 3437 817 3501 21.
842 3440 871 3519 8,
888 3440 907 3501 3
931 3434 975 3500 Ie
996 3437 1076 3500 em'm
1091 3442 1119 3499 et
1134 3436 1318 3501 Alexander
1331 3435 1473 3521 Mapmas

340 3548 368 3606 et
390 3541 500 3606 deinde
522 3542 580 3606 alii
592 3541 699 3625 ptores
714 3544 837 3625 nepotia
852 3543 899 3606 ita
919 3547 1061 3625 pascente
1073 3543 1171 3624 periti
1186 3544 1293 3627 secere
1313 3543 1473 3620 duetorem

340 3647 391 3711 21.
415 3648 500 3727 1,13
523 3643 661 3728 sufficiet
684 3645 755 3727 reci,
779 3646 862 3727 quael
883 3652 911 3709 et
934 3647 1164 3731 qrammatiaas
1178 3647 1473 3713 laamtasinlerdmm

339 3756 384 3814 est
407 3748 549 3832 barbare,
572 3756 600 3814 et
623 3747 759 3814 absurde
782 3751 894 3814 cecinit
914 3751 1052 3815 musicas
1072 3756 1100 3814 et
1121 3752 1282 3835 bymarob-it
1304 3752 1473 3816 remedium

340 3855 487 3920 medic-us.

444 3957 487 4023 11.
522 3956 756 4042 Nonnunquam
779 3957 954 4044 perfeetum
976 3958 1120 4024 liberiore
1143 3957 1280 4043 quodam
1296 3957 1392 4022 modo
1414 3978 1470 4042 pro

340 4063 526 4147 imperfecto
551 4063 737 4126 Ammianus
759 4063 864 4146 ponit,
897 4085 935 4128 eo
966 4063 1104 4126 maxims
1127 4063 1202 4140 ita,'
1222 4067 1257 4125 ut
1288 4061 1342 4124 ubi
1373 4062 1474 4124 multa

340 4166 446 4248 verba,
470 4186 552 4250 quse
575 4186 632 4250 por
649 4173 774 4251 tempus
790 4169 1007 4253 imperfectum
1026 4164 1234 4249 exprimenda
1250 4171 1347 4242 erant,
1363 4185 1473 4229 omnu-

340 4271 454 4346 lantur‚
483 4276 538 4334 aut
568 4269 710 4335 variandi
741 4293 836 4335 eausa
860 4277 915 4334 aut
946 4269 1149 4354 neglegentia
1181 4268 1317 4354 quedam
1346 4269 1378 4333 in
1409 4291 1472 4335 uno

340 4374 481 4440 alterove
504 4373 601 4438 verbo
626 4375 800 4458 perfeetum
823 4374 1050 4458 interposuisse
1066 4374 1219 4439 videntur.
1268 4377 1318 4440 19.
1343 4378 1409 4456 5‚4
1431 4371 1473 4438 Im

341 4485 493 4544 summoto
515 4480 579 4544 laea
596 4482 703 4563 partis
725 4479 921 4544 meridianae
946 4497 1110 4544 marorum
1134 4529 1141 4544 .
1166 4527 1174 4545 .
1200 4530 1206 4546 .
1230 4482 1332 4544 turris
1346 4480 1419 4566 sm‘t
1439 4480 1474 4543 ia

341 4583 558 4650 sublimitatem
581 4603 744 4666 erumperes,
766 4582 822 4646 sab
844 4604 906 4669 qaa
928 4582 1057 4649 hiabant
1071 4603 1167 4669 rupes
1183 4583 1329 4650 abscisae.
1366 4581 1473 4650 Muro-
