3224 5162
278 1661 366 1724 Inter·
388 1660 557 1744 scriptores
581 1660 771 1726 christianae
794 1661 867 1725 fidei
889 1683 951 1727 non
975 1660 1130 1743 addictos,
1157 1662 1210 1746 qui
1234 1670 1306 1746 post

173 1765 336 1830 saeculum
359 1763 393 1827 ΙΙ
416 1784 563 1828 sermone
586 1763 726 1848 pedestri
749 1765 930 1846 utebantur,
960 1764 1053 1829 facile
1085 1766 1229 1848 princeps
1258 1773 1307 1830 est

173 1870 361 1934 Ammianus
384 1867 619 1946 Antiochensis,
648 1889 742 1952 quem
765 1869 826 1932 sub
848 1869 944 1932 tinem
966 1867 1084 1932 saeculi
1108 1865 1155 1929 IV
1183 1869 1306 1934 Romae

174 1996 246 2038 cum
270 1973 409 2037 omnium
425 1973 659 2059 plausurcrunr
676 1979 840 2054 gestarum
857 1973 954 2036 libros
970 1971 1010 2036 ab
1027 1973 1095 2057 ipso
1112 1973 1305 2058 conscriptos

172 2079 323 2142 recitasse
346 2083 479 2141 constat.
526 2076 683 2150 Quoniam
706 2097 901 2161 magnopere
918 2078 1038 2142 recedit
1057 2078 1214 2141 Ammiani
1231 2099 1306 2142 usus

171 2181 324 2267 loquendi
355 2203 425 2246 cum
451 2181 619 2244 universus
650 2187 717 2244 tum
749 2193 926 2264 temporum
950 2188 982 2245 et
1005 2181 1186 2263 modorum,
1218 2182 1305 2245 verbi

173 2285 323 2370 'syntaxin
346 2286 521 2350 accuratius
546 2290 762 2367 perscrutatus
785 2305 865 2366 sum,
889 2285 1073 2370 pracsertim
1105 2306 1175 2349 curn
1201 2306 1306 2362 nemo,

174 2410 255 2474 quae
279 2387 319 2451 ad
343 2410 414 2453 eam
437 2411 503 2452 rem
534 2389 703 2474 pertinent,
734 2388 828 2472 plene
859 2390 1052 2474 exposuerit.
1098 2389 1171 2474 Ipse
1199 2398 1304 2453 autern

172 2492 266 2556 nimis
303 2492 402 2556 multa
440 2513 479 2556 ex
514 2491 637 2557 schedis
676 2492 756 2557 meis
792 2491 978 2576 depromere
1013 2494 1117 2574 nolui,
1157 2493 1305 2578 quoniam

173 2617 251 2681 quas
273 2596 360 2679 leges
382 2597 412 2660 in
436 2603 617 2681 temporum
641 2604 673 2660 et
696 2597 860 2660 modorum
892 2619 951 2661 usu
984 2598 1085 2662 secuti
1113 2597 1177 2662 sint
1208 2599 1306 2662 ceteri

173 2701 371 2765 saeculorum
401 2700 450 2764 IV
480 2707 511 2764 et
535 2700 566 2764 V
596 2701 765 2786 scriptores
796 2701 943 2784 Romani,
974 2701 1115 2766 nondum
1144 2702 1220 2766 satis
1251 2724 1307 2764 ex-

173 2806 331 2887 ploratum
356 2811 412 2869 est.
452 2803 503 2868 Ad
525 2811 698 2890 syntaxeos
713 2805 922 2869 Ammianeae
946 2827 1036 2870 usum
1058 2805 1305 2891 perquirendum

172 2907 324 2992 imprimis
347 2920 551 2992 accesserunt
580 2945 620 2956 -
654 2916 689 2972 ut
718 2910 859 2973 omittam
889 2909 1075 2993 Hauptium‚
1105 2909 1306 2991 Langenum‚

172 3011 349 3093 Hermian,
374 3012 665 3091 Gardthausenum‚
694 3013 748 3097 qui
770 3013 967 3097 potissimum
997 3013 1029 3077 in
1053 3015 1222 3078 Ammiano
1255 3014 1305 3078 via

173 3117 280 3180 critica
303 3115 502 3181 emendando
525 3117 726 3181 eminuerunt
752 3153 787 3162 -

279 3219 310 3302 1)
333 3219 640 3304 Kallenbergus
664 3219 893 3303 (Quaestiones
916 3222 1141 3305 grammaticae
1164 3223 1202 3285 A.
1231 3221 1305 3284 diss.

172 3325 279 3406 inaug.
297 3323 446 3387 Halensis
466 3323 575 3404 1868),
599 3325 652 3408 qui
675 3325 716 3390 de
740 3346 799 3388 usu
820 3325 964 3389 infinitivi
982 3325 1101 3409 optime
1124 3324 1305 3408 disputavit.

274 3425 309 3508 2)
332 3425 660 3490 Hasseusteinus
692 3425 760 3510 (Dc
790 3428 917 3513 syntaxi
948 3427 989 3492 A.
1023 3425 1065 3490 M.
1098 3426 1172 3492 diss.
1205 3426 1300 3510 Regi·

170 3538 322 3596 montana
347 3532 456 3608 1877).

272 3634 305 3713 3)
330 3633 610 3697 Dederichsus
641 3632 871 3717 (Quaestiones
904 3634 1115 3698 Ammianeae
1148 3655 1304 3718 gramma·

169 3740 251 3803 ticae
286 3746 317 3802 et
351 3738 495 3818 criticae3
529 3736 600 3801 diss.
636 3737 892 3804 Monastericnsis
919 3741 1025 3818 1818),
1060 3738 1112 3822 qui
1135 3738 1303 3802 nonnullas

169 3851 277 3927 partes
300 3847 477 3927 syntaxeos
502 3841 589 3904 verbi
612 3841 728 3926 attigit.

273 3944 323 4007 De
346 3943 569 4008 Hassensteini
599 3947 863 4011 commentatione
896 3948 959 4010 iarn
982 3945 1198 4011 Dederichsus
1221 3952 1307 4010 recta

167 4049 316 4125 udicarit,
340 4070 411 4112 curn
437 4048 555 4113 diceret
578 4048 667 4134 (pag.
694 4050 750 4136 2):
780 4054 853 4138 „qai
876 4071 946 4116 cum
970 4052 1004 4114 in
1019 4057 1115 4115 totam
1139 4053 1305 4115 rosteriam

167 4155 374 4232 syntecticcm
404 4154 610 4236 inquisiverit,
640 4160 673 4217 ut
694 4157 849 4219 90999119
872 4161 900 4219 91
926 4177 962 4220 99
993 4155 1134 4240 paridem,
1164 4175 1243 4240 quoe
1273 4155 1307 4217 ia

168 4258 268 4320 altero
288 4263 384 4340 porto
404 4256 534 4340 prototo
557 4263 641 4338 sunt,
671 4277 735 4320 noa
767 4264 832 4322 tom
861 4258 998 4324 absolute
1028 4265 1234 4343 accurateque
1256 4278 1306 4320 99-

164 4361 303 4443 plicaret
325 4380 420 4445 qnam
443 4359 476 4422 ia
496 4361 607 4442 priore
622 4360 854 4426 dissertationis
866 4369 960 4445 porto
974 4361 1106 4446 factam
1123 4362 1196 4426 901.α
1235 4361 1305 4436 Qua

168 4484 203 4527 re
236 4461 392 4527 adductus
423 4469 472 4526 est
495 4463 719 4547 Dederichsus,
749 4473 784 4528 ut
814 4465 966 4538 nonnulla
996 4464 1036 4530 ab
1071 4465 1305 4530 Hassensteinc

166 4565 295 4642 brevius
328 4565 491 4652 disputata
525 4574 719 4650 retractaret,
753 4576 850 4655 atque
886 4571 1043 4654 imprimis
1077 4568 1306 4635 condicionales
1401 4624 1403 4630 .
