3224 5162
304 525 322 583 s
828 512 917 596 [120]

303 709 480 796 perfectum
503 714 598 792 utque
620 708 702 772 inter
725 726 875 790 praesens
906 703 1089 769 historicum
1122 709 1154 768 11
1183 703 1364 789 perfectum
1394 703 1441 766 hi-

303 814 463 879 storicum.
511 811 603 886 Quod
627 812 691 874 iam
713 809 867 894 exemplis
890 808 1111 893 probabimus:

409 919 458 982 16.
491 918 538 992 12,
572 921 618 992 15,
646 935 713 999 sqq.
750 913 976 976 addiderat
1008 919 1111 976 autern
1132 913 1292 996 fiduciam
1323 911 1440 974 nostris

303 1020 511 1086 consideratio
534 1020 659 1102 pomino
688 1016 928 1081 recordantibus
958 1015 1040 1096 quod
1072 1036 1155 1078 anuo
1187 1035 1288 1098 nuper
1319 1034 1439 1078 ernenso

301 1125 455 1189 Romanis
479 1174 485 1188 .
511 1174 518 1188 .
543 1173 550 1187 .
574 1143 629 1186 noc
652 1123 767 1186 uisus
789 1127 849 1184 est
870 1121 1035 1204 quisquam
1057 1120 1136 1183 toris
1157 1120 1208 1183 sui
1222 1117 1369 1196 defensor
1384 1138 1440 1181 nee

303 1229 407 1294 obuius
427 1228 545 1292 stetit
567 1227 621 1291 sed
645 1277 652 1291 .
678 1275 685 1290 .
711 1276 717 1290 .
743 1244 836 1308 oeque
865 1225 1004 1286 uiuere
1035 1222 1166 1286 barbari
1187 1222 1313 1306 tonqius
1336 1242 1440 1286 amen-

302 1334 385 1413 dati,
415 1332 558 1418 quodque¹
588 1381 594 1395 .
620 1381 627 1395 .
655 1381 662 1394 .
694 1351 751 1393 nee
783 1329 926 1392 resistere
956 1329 1029 1392 ausi
1058 1349 1113 1392 nce
1146 1347 1301 1410 apparere
1329 1347 1438 1408 pacem

301 1439 606 1521 irripetraocruut
630 1434 815 1518 suppliciter
835 1431 1028 1496 obsecrantes
1051 1483 1059 1496 .
1084 1483 1092 1498 .
1117 1482 1124 1496 .
1149 1429 1438 1514 (16111111111111

299 1561 378 1623 pace
401 1540 478 1602 data
501 1538 757 1602 discesserat
778 1538 953 1620 imperator
975 1541 1003 1599 et
1028 1586 1035 1600 .
1061 1587 1068 1601 .
1094 1586 1101 1600 .
1126 1541 1230 1619 pentes
1251 1534 1316 1598 11111
1347 1552 1438 1596 eois·

302 1641 530 1707 cordubani
551 1648 580 1705 et
602 1641 806 1724 turpissimus
829 1640 919 1703 ducis
940 1690 947 1704 .
966 1689 997 1704 ..
1023 1640 1183 1723 dipressus
1202 1638 1360 1720 ferociam
1376 1687 1383 1702 .
1402 1686 1435 1702 ..

300 1747 421 1812 ausit
442 1747 477 1808 iu
499 1747 613 1810 ncaius.

401 1849 528 1934 Ubique
550 1847 897 1933 plusquamperfectum
922 1853 1133 1931 exspectatur,
1157 1867 1228 1910 curn
1251 1867 1319 1929 res,
1354 1867 1437 1932 quae

300 1952 445 2036 perfecte
462 1953 693 2038 exprimuntur,
715 1959 791 2016 ante
806 1973 858 2016 eas
875 1951 982 2016 factae
998 1953 1069 2031 sint,
1093 1971 1175 2034 quae
1189 1950 1437 2036 precedentibus

298 2057 507 2143 paragraphis
540 2062 711 2121 narrantur
745 2094 785 2104 -
818 2062 854 2119 11
885 2055 988 2120 verbis
1028 2076 1128 2136 ,anno
1168 2075 1269 2138 nuper
1300 2053 1438 2118 unumd‘

299 2160 456 2224 indicatur
480 2197 520 2208 —
544 2160 737 2245 eaedemque
771 2160 810 2241 ei,
842 2160 896 2245 qui
926 2167 1043 2238 narrat,
1075 2159 1165 2244 quasi
1197 2158 1435 2243 plusquamper-

299 2263 403 2329 ieetae
425 2266 498 2330 sint.
543 2263 680 2329 Videtur
709 2270 816 2328 autem
836 2263 1025 2327 Ammianus
1054 2263 1195 2327 animum
1224 2262 1256 2325 in
1289 2269 1436 2345 tempora

299 2367 353 2431 illa
376 2353 550 2452 praeterita
578 2377 740 2453 tamquam
771 2369 1037 2439 remittens,cum
1071 2367 1222 2432 militibus
1253 2367 1370 2431 sentire
1404 2373 1436 2430 nt

299 2490 404 2554 agere.
451 2471 564 2557 Itaque
597 2472 688 2536 facile
723 2470 917 2553 intellegitur
951 2471 1135 2555 scriptorem
1168 2469 1344 2554 perfectum
1380 2489 1436 2554 per

299 2575 625 2660 repraesentationem
648 2575 807 2661 quandam
834 2595 892 2659 pro
922 2572 1226 2660 plusquampefecto,
1256 2595 1325 2638 eum
1356 2580 1433 2636 1111-

299 2700 375 2763 1111
398 2685 545 2750 11111111,
570 2701 749 2764 usurpasse.
795 2678 887 2754 Quod
912 2699 949 2742 1ο
974 2678 1088 2742 clarius
1111 2684 1231 2762 aparet,
1255 2699 1326 2741 erun
1349 2677 1366 2758 ξ
1392 2681 1430 2741 16

298 2781 484 2847 discesserat
499 2789 652 2871 seriptum
667 2785 821 2868 legemus,
848 2804 1038 2869 quamquam
1055 2783 1207 2863 actiones,
1230 2803 1313 2867 quae
1330 2780 1433 2846 verbis

296 2886 383 2949 uisus
405 2894 460 2968 est,
483 2890 576 2970 stetit,
598 2890 712 2968 uiuere,
743 2890 988 2972 impetraverunt
1019 2886 1231 2964 enuntiantur,
1260 2885 1338 2950 illud
1369 2885 1434 2949 dis·

298 2997 433 3054 cesserat
456 2992 663 3075 praecedunt.

401 3093 449 3160 af.
473 3103 641 3180 praeterea
667 3096 914 3176 11.12,18,19
940 3095 1086 3170 armauit,
1109 3095 1260 3175 uicerunt,
1284 3093 1432 3175 coufuqe·

297 3203 392 3278 runt,·
414 3201 464 3262 21.
481 3201 510 3274 4,
527 3200 546 3260 2
562 3199 703 3278 miserat,
717 3198 864 3278 tradidit,
880 3197 1119 3282 rnandaoitque,·
1135 3200 1186 3262 22.
1206 3201 1256 3278 13,
1273 3201 1291 3261 3
1308 3199 1430 3277 statuit,

298 3301 397 3381 cessit,
414 3301 592 3382 adhaesere,
605 3303 709 3384 potuit
717 3323 730 3383 ,·
747 3304 797 3365 16.
815 3303 865 3384 12,
876 3304 906 3381 5,
921 3304 939 3365 6
958 3301 1128 3385 superauit,
1144 3304 1290 3383 uastauit,
1309 3302 1431 3385 persul-

296 3406 382 3485 tooit,
406 3407 545 3487 accessit,
568 3403 689 3485 abiere;
711 3408 762 3470 23.
784 3409 809 3479 1,
829 3407 863 3482 6;
888 3407 939 3486 23,
956 3409 986 3488 5,
1009 3410 1039 3466 11
1062 3404 1157 3470 obtati
1175 3412 1259 3486 suut,
1279 3406 1429 3470 discessit.

562 3596 590 3654 1))
619 3594 806 3647 PRAESENS
826 3595 857 3658 Q.
877 3598 909 3650 D.
929 3597 1165 3650 HISTORIOUM.

397 3715 552 3782 Praesens
590 3717 675 3802 quod
716 3716 829 3781 dicitur
866 3717 1051 3783 historicum
1091 3741 1149 3805 pre
1182 3740 1256 3783 vero
1289 3719 1429 3804 perfecto

294 3827 475 3903 usurpatur,
500 3823 525 3885 si
548 3821 688 3886 actiones
711 3824 902 3906 praeteritae
924 3825 1029 3887 auimo
1053 3825 1120 3888 cius
1143 3823 1197 3908 qui
1226 3825 1367 3908 loquitur
1397 3830 1430 3888 et

293 3923 399 3987 animo
432 3925 500 3988 eius
529 3925 582 4010 qui
612 3924 702 3989 audit
732 3932 891 4009 tamquam
923 3934 1108 4012 praesentes
1138 3934 1428 4012 repraesentantur.

293 4026 481 4093 Ammianus
505 4049 655 4112 praesens
681 4029 863 4094 historicum
886 4032 918 4094 in
942 4030 1060 4094 deliciis
1076 4029 1172 4095 habet
1188 4052 1224 4095 ac
1244 4034 1427 4116 praesertim

293 4132 345 4198 ita.
370 4137 483 4196 11111
507 4132 605 4197 series
630 4133 786 4219 quaedam
811 4135 1028 4218 praesentium
1055 4142 1170 4217 exstet,
1199 4143 1315 4200 111-
1340 4136 1427 4221 quod

293 4235 419 4320 saepius
442 4237 477 4300 fit
501 4274 541 4284 -
566 4237 742 4320 perfectum
767 4238 1079 4323 1111111111111111
1102 4241 1285 4305 historicum
1307 4246 1364 4306 aut
1380 4242 1427 4304 in·

294 4360 387 4404 verso
404 4340 514 4404 ordine
530 4340 606 4405 illud
623 4342 663 4404 ab
681 4342 741 4406 hoc
759 4341 945 4425 excipiatur.
981 4345 1089 4429 Atque
1101 4346 1286 4430 plerumque
1299 4344 1426 4430 quidem

292 4445 468 4528 praesentis
492 4444 631 4508 historici
656 4445 759 4509 forma
781 4446 909 4530 passiva
932 4454 1084 4527 1111111,
1107 4471 1176 4513 cum
1191 4448 1326 4512 formam
1342 4469 1426 4514 eom-

293 4549 427 4633 pusitam
451 4549 583 4633 perfecti
608 4550 724 4633 passivi
748 4552 892 4615 consulto
917 4551 1056 4615 evitaret.
1092 4552 1183 4626 Quod
1203 4573 1297 4637 quam
1317 4575 1423 4617 verum
