3224 5162
311 531 363 600 '521
671 607 674 613 ‚
844 530 936 616 [166]

321 728 391 791 Iam
406 722 563 810 particula
578 726 606 788 si
621 723 706 809 apud
722 723 926 787 Amnrianum
943 722 1038 788 mado
1057 744 1185 787 sensum
1202 724 1461 808 et'tcmporalern

321 838 354 896 et
390 828 666 908 condicionalem,
695 827 787 893 modo
824 847 912 892 mere
948 826 1157 911 temporalem
1193 827 1306 906 habet,
1338 829 1384 892 ita
1422 837 1461 893 ut

320 930 516 1020 frequentior
546 934 615 997 eius
645 953 720 996 usus
744 952 839 1018 quam
870 938 1045 996 ceterarum
1075 931 1305 1017 particularum
1335 941 1462 1019 tempo·

321 1039 433 1102 ralium
457 1039 508 1102 sit.
553 1037 715 1100 Particula
739 1058 808 1101 enni
833 1035 1006 1100 secundum
1030 1036 1135 1098 locum
1165 1034 1296 1117 obtinet,
1326 1039 1461 1102 tertium

321 1139 500 1206 coniunctio
539 1139 602 1205 abi.
659 1139 753 1204 Hanc
789 1141 977 1225 particulam
1016 1138 1206 1204 Ammianus
1249 1140 1337 1206 vitat.
1394 1140 1462 1215 Qui

320 1243 444 1308 etiarnsi
475 1244 646 1328 scriptores
679 1244 818 1328 optimae
855 1244 967 1306 aetatis
1001 1243 1175 1326 exscribat,
1206 1264 1262 1327 pro
1302 1244 1461 1328 particula

318 1345 373 1412 abi
405 1347 603 1412 usitatiorem
620 1349 667 1410 si
691 1347 887 1429 substituit,
919 1352 1019 1432 atque
1054 1347 1150 1411 etiam
1183 1347 1214 1410 in
1248 1356 1394 1432 tempore
1427 1355 1461 1413 et

307 1451 412 1517 modo
447 1450 599 1535 eligendis
632 1473 709 1516 suae
742 1450 841 1535 ipsius
873 1451 1065 1534 proprietati
1094 1450 1249 1534 indulget.
1289 1450 1345 1515 'Ad
1376 1451 1460 1518 hanc

317 1576 384 1618 rem
409 1555 690 1620 demonstrandam
714 1575 812 1619 unum
836 1555 940 1618 citabo
958 1555 1041 1619 Livii
1064 1555 1179 1634 locum,
1204 1575 1296 1640 quern
1319 1555 1359 1620 ab
1379 1557 1459 1620 Am'-

306 1659 424 1723 'miano
455 1665 618 1743 receptum
642 1658 864 1724 Michaelis
890 1658 928 1723 de
949 1658 1114 1723 Ammiani
1133 1658 1316 1723 Marcellini
1342 1661 1460 1734 stadiis

318 1745 531 1827 Ciceronianis
553 1761 700 1826 Vrastisl.
720 1765 802 1828 1874
827 1761 921 1847 (pag.
933 1761 967 1842 4)
989 1762 1151 1827 indicarit.
1176 1762 1307 1828 ¹Livius
1322 1762 1458 1830 XXVII

318 1869 369 1946 49,
395 1870 409 1929 l
434 1866 479 1948 iol,
503 1865 570 1930 nbi
598 1867 719 1931 sarrire
740 1865 847 1930 balaae
869 1887 907 1930 ae
930 1886 1022 1930 rnere
1044 1867 1078 1930 in
1108 1887 1181 1931 snos
1205 1861 1369 1952 coeperant
1391 1890 1458 1932 rna,-

316 1971 435 2051 nister.
461 2019 468 2033 .
494 2020 502 2052 ,
534 1967 690 2052 adipebat.
745 1968 865 2033 Contra
889 1969 1077 2034 Ammianus
1097 1991 1137 2034 ex
1152 1990 1210 2034 suo
1231 1991 1317 2036 more
1332 1971 1456 2036 scribit:

317 2074 367 2136 25.
394 2075 422 2155 l,
449 2073 489 2136 14
510 2079 539 2136 et
561 2074 710 2157 rnapistri
739 2075 774 2137 si
792 2073 952 2155 ferociens
982 2074 1104 2137 animai
1132 2075 1213 2138 eires
1243 2075 1458 2159 eataperata‘et

316 2178 453 2259 repentis
477 2228 484 2242 .
508 2225 547 2241 ..
579 2178 753 2242 vertebram
781 2179 846 2241 ieta
877 2178 1015 2241 mantino
1046 2176 1253 2244 terebrabant.
1303 2177 1355 2244 De
1386 2201 1456 2244 sen·

316 2280 423 2344 tentiis
457 2279 727 2345 condicionalibus
756 2281 912 2345 iterativis
949 2287 1013 2344 tarn
1044 2280 1138 2365 plane
1172 2281 1313 2366 disputat
1347 2282 1456 2348 Dede-

316 2371 440 2449 riehsus
457 2381 545 2469 (pag.
562 2387 592 2450 8.
610 2384 657 2468 9),
674 2391 709 2448 ut
732 2383 810 2448 nihil
825 2384 960 2449 habeam
977 2383 1063 2469 quod
1080 2384 1205 2450 addam.
1240 2384 1277 2449 In
1294 2385 1343 2450 his
1357 2386 1457 2469 igitur

314 2487 472 2552 iterativis
503 2487 663 2551 Graecum
696 2488 826 2552 modurn
860 2489 1004 2573 sequitur
1034 2487 1231 2554 Ammianus.
1279 2489 1341 2555 Ubi
1373 2493 1455 2556 enirn

316 2590 432 2655 Graeci
446 2590 658 2655 ¹coniunctivo
682 2590 734 2656 vel
756 2593 933 2676 praesentis
957 2592 1008 2656 vel
1032 2593 1139 2656 aoristi
1160 2593 1272 2658 addita
1298 2597 1457 2679 particula

315 2690 352 2756 ἄν
375 2701 518 2776 utuntur,
544 2693 586 2757 ibi
612 2693 800 2758 Ammianus
823 2695 1013 2780 plerumque
1043 2696 1281 2761 coniunctivum
1311 2698 1456 2782 perfecti,

315 2797 416 2861 rarius
440 2798 616 2883 praesentis
635 2799 741 2883 ponit3
765 2798 820 2864 ubi
836 2801 921 2886 apud
936 2800 1008 2864 illos
1033 2802 1192 2886 optativus
1209 2808 1263 2867 aut
1277 2805 1455 2887 praesentis

315 2906 370 2966 aut
406 2901 514 2964 coristi
547 2903 579 2966 in
614 2925 674 2968 usu
705 2910 769 2986 est,
802 2904 846 2968 ibi
879 2905 930 2968 hic
966 2905 1148 2990 imperfecti
1182 2906 1234 2970 vel
1268 2907 1455 2992 plusquam-

313 3004 447 3088 perfecti
471 3006 672 3072 coniunctivo
696 3009 805 3072 utitur.
853 3008 916 3083 Qui
939 3031 1016 3074 usus
1033 3031 1104 3073 eum
1119 3009 1193 3074 inde
1210 3011 1329 3076 aLivii
1347 3018 1454 3078 aetate

315 3129 332 3172 e
368 3107 563 3174 Graecorum
599 3111 776 3176 imitatione
807 3112 837 3174 in
874 3111 996 3177 litteras
1033 3135 1181 3181 romanas
1212 3115 1456 3198 transduxisset,

315 3210 356 3276 ab
379 3211 561 3296 Ammiano,
594 3221 629 3278 ut
655 3221 724 3279 erat
749 3215 879 3282 natione
904 3215 1056 3303 Graecus,
1078 3219 1250 3304 praecipue
1280 3220 1454 3286 colebatur.

314 3313 509 3382 Rarissimae
532 3317 630 3402 igitur
652 3328 728 3384 sunt
752 3320 958 3405 exceptiones
974 3322 1005 3386 in
1030 3324 1193 3388 sententiis
1210 3324 1364 3389 iterativis
1381 3345 1454 3389 con·-

304 3417 534 3505 dicionalibus,
562 3443 667 3507 neque
691 3418 756 3489 ulla
780 3426 917 3491 occurrit
940 3427 970 3489 in
996 3428 1168 3494 sententiis
1184 3425 1267 3512 quae
1297 3429 1455 3514 particula

313 3524 342 3586 si
363 3522 617 3593 introducuntur.
665 3526 768 3600 Quam
793 3528 834 3592 ob
859 3528 924 3595 rem
942 3518 1156 3598 Dederichsus
1172 3538 1259 3596 recte
1274 3531 1361 3617 apud
1377 3531 1455 3597 Am·

314 3628 455 3691 mianum
484 3620 566 3694 hane
597 3631 705 3713 legem
735 3633 845 3698 valere
875 3635 1049 3716 contendit,
1080 3656 1162 3720 quae
1194 3656 1258 3700 non
1288 3636 1391 3701 solum
1422 3636 1454 3700 in

314 3727 585 3798 'condicionalibus
608 3737 775 3801 sententiis
797 3738 955 3802 iterativis
978 3738 1035 3804 sed
1060 3741 1156 3803 etiam
1174 3740 1205 3803 in
1222 3740 1454 3825 temporalibus

314 3833 416 3898 valet:

417 3935 458 4002 A.
491 3936 535 4002 In
556 3942 715 4024 pancratis
742 3945 879 4009 notionis
901 3951 930 4008 et
957 3947 1088 4010 iteratae
1111 3948 1244 4011 aetianis
1272 3948 1454 4028 enuntiatis,

195 4103 198 4108 ,
315 4036 393 4126 qaae
416 4040 557 4107 ornnibas
576 4044 681 4111 natent
699 4046 899 4131 temporibus,
922 4068 991 4114 earn
1006 4057 1128 4114 secatae
1143 4049 1240 4134 lepern
1256 4050 1454 4130 Ammianus,

315 4151 350 4208 at
372 4165 493 4229 seraper
515 4149 549 4211 in
566 4152 696 4231 protasi
712 4153 890 4234 praesentis
914 4160 971 4216 ant
990 4151 1124 4235 perfecti
1151 4155 1390 4236 conianctiaarn,
1414 4155 1454 4218 'in

316 4249 450 4333 apodosi
471 4258 575 4315 natent
589 4253 798 4319 indicativam
809 4258 987 4338 praesentis
1001 4263 1058 4320 ant
1072 4254 1187 4339 fatnri
1202 4265 1257 4322 ant
1277 4259 1456 4341 imperativi

316 4352 484 4434 cartana,
507 4363 632 4440 eccepto
654 4378 717 4422 ano
741 4360 807 4423 toro
832 4355 900 4441 (16.
925 4362 955 4441 t,
980 4358 1013 4442 9)
1038 4379 1097 4445 qao
1122 4363 1394 4445 contractasset
1421 4365 1455 4426 in

311 4459 440 4538 protasi
461 4465 489 4522 et
510 4459 545 4522 in
567 4461 700 4545 apodosi
721 4464 850 4546 tepitar.
898 4461 959 4527 Oui
982 4462 1047 4546 legi
1068 4464 1130 4528 hoc
1152 4464 1278 4548 addam,
1302 4464 1387 4551 quod
1413 4464 1453 4529 ad

200 4567 203 4572 '
317 4580 406 4623 usum
431 4561 657 4646 particularum
681 4587 752 4630 eant
776 4574 807 4631 et
830 4566 883 4630 abi
904 4567 1059 4652 pertinet:
1082 4569 1270 4655 particulam
1291 4591 1360 4638 cant
1375 4594 1453 4638 non·
