3224 5162
324 475 365 539 rc
844 469 933 556 [rasi

320 668 359 732 de
384 691 445 754 qua
473 667 579 749 agitur
609 663 660 730 rel
690 666 807 729 sermm
839 685 908 728 osse
940 665 990 728 vel
1022 660 1087 729 fieri
1121 664 1169 729 vel
1201 658 1340 748 futurem
1375 684 1456 732 esse.

287 805 289 812 ·
320 771 608 837 Coniunctiro
646 777 755 834 autern
789 770 916 855 proprie
951 769 1033 834 actio
1067 768 1220 853 quaedam
1257 771 1456 854 exprimitur,

319 897 401 960 quae
425 883 528 940 utrum
553 873 607 938 liat
630 895 739 954 necne,
763 897 779 937 c
803 873 991 958 condicione
1014 873 1118 958 aliqua
1141 873 1266 958 pendet.
1300 871 1369 938 ned
1392 875 1454 937 iam

318 989 392 1045 ente
426 979 584 1044 Ciceronis
619 987 756 1044 aetatem
789 978 928 1062 genuina
959 978 1013 1042 illa
1046 978 1238 1042 coniunctivi
1271 979 1318 1043 vis
1351 977 1455 1043 vitiari

274 1067 278 1076 ¹
320 1091 433 1168 coepte
456 1089 513 1149 est.
559 1082 771 1148 Coniunctiro
796 1083 880 1147 enim
904 1083 934 1149 iu
959 1082 1053 1146 certis
1085 1081 1275 1165 quibusdam
1306 1084 1454 1147 enuntia-

319 1181 456 1253 tionibus
487 1189 527 1251 ita
562 1207 689 1272 quoque
721 1186 894 1252 utebantur
926 1187 1112 1269 scriptores,
1146 1193 1180 1248 ut
1219 1186 1280 1250 boc
1319 1187 1453 1250 artificio

254 1339 256 1346 -
318 1293 495 1357 iudicarent
524 1293 713 1356 sententiam
746 1289 838 1354 alteri
872 1291 1048 1353 sententiae
1081 1289 1347 1372 grammatice
1382 1311 1453 1356 esse

319 1397 592 1461 subiunctam.
637 1395 751 1477 ltaque
777 1416 794 1458 e
817 1395 1019 1458 coniunctivo
1044 1399 1206 1478 tamquam
1234 1395 1454 1460 subiunctivus

318 1499 431 1565 rnotlus
466 1506 557 1564 natus
594 1507 658 1563 est:
696 1497 858 1562 veluti‘in
894 1499 1057 1564 sententiis
1089 1520 1176 1563 mere
1213 1499 1452 1586 temporalibus,

317 1605 504 1681 causalibus,
527 1625 615 1668 mere
639 1603 849 1666 consecutivis
865 1624 902 1665 ac
918 1604 1086 1684 praecipue
1102 1593 1138 1664 in'
1151 1604 1293 1666 oratione
1311 1603 1451 1686 oblique.

318 1705 382 1771 Sed
413 1729 517 1792 neque
542 1705 757 1789 aequabiliter
789 1726 893 1788 neque
923 1727 1034 1770 omnes
1064 1712 1246 1771 constanter
1278 1706 1450 1790 scriptores

317 1831 432 1876 aureae
448 1810 561 1874 aetatis
584 1831 626 1873 su
639 1809 676 1872 bi
687 1810 799 1872 uncti
810 1829 827 1870 v
838 1814 895 1872 uin
914 1810 943 1872 in
961 1809 1007 1873 his
1024 1811 1186 1874 sententiis
1203 1818 1450 1893 usurpaverunt,

309 1921 387 1978 soum
411 1937 452 1978 nc
475 1934 584 1977 omnes
608 1911 733 1997 quidem
758 1913 996 1976 coniunctiones
1023 1915 1214 2006 temporales
1244 1914 1448 1994 subiunctivo

224 2015 227 2021 ’
316 2019 455 2102 insignes
480 2039 548 2081 esse
572 2016 697 2082 vellunt.
744 2017 809 2081 Cir.
833 2039 860 2081 c.
877 2039 907 2101 g.
931 2017 970 2082 de
995 2019 1225 2082 coniunctionis
1250 2039 1317 2082 cum
1334 2040 1393 2082 usu
1418 2029 1450 2082 et

317 2123 389 2187 fetis
401 2121 620 2186 Luebbertum
641 2119 798 2202 (Gramm.
813 2119 902 2185 Sturl.
916 2120 975 2200 Il),
997 2121 1127 2184 velutin
1145 2120 1250 2184 Plauti
1267 2121 1450 2186 Aululariae

317 2247 410 2290 vorsu
427 2227 487 2290 178
510 2223 627 2307 legitur
642 2223 855 2307 Praescprbut
878 2225 1060 2288 latuerimus
1080 2224 1270 2303 frustrante
1286 2227 1341 2307 ire,
1357 2245 1447 2309 quom

316 2328 476 2392 eatbam
506 2328 615 2409 dora03
647 2335 758 2406 contra
790 2325 898 2393 Cicero
930 2327 984 2404 (de
1016 2327 1078 2392 div.
1103 2326 1191 2406 131,
1215 2331 1272 2408 65)
1304 2329 1448 2393 eiusdem

284 2437 285 2440 ’
316 2432 486 2516 septenarii
510 2432 593 2495 hene
616 2432 690 2494 citat
705 2430 857 2495 formam:
882 2430 1093 2514 Prueeopibut
1109 2433 1236 2496 carruae
1250 2431 1382 2515 frustra
1402 2455 1448 2497 me

314 2537 371 2618 ire,
404 2535 651 2618 cumcuircrn
681 2535 781 2599 durno.
827 2533 906 2597 (lum
930 2531 1199 2598 ‘subiunctivi'
1224 2557 1301 2599 usus
1331 2539 1448 2601 sensim

315 2639 607 2725 pedetemptimque
631 2637 716 2723 apud
741 2631 933 2723 posteriores
957 2638 1050 2702 latius
1074 2637 1448 2723 serpseritrlmmianus

316 2742 470 2808 Cicerone
487 2743 682 2814 constantius
698 2742 933 2807 subiunctivurn
951 2742 1057 2819 coluit,
1080 2742 1106 2806 si
1122 2741 1248 2826 quidem
1264 2764 1327 2808 non
1342 2744 1448 2808 solum

314 2849 505 2934 temporales
528 2848 766 2912 coniunctiones
789 2868 891 2932 paene
916 2867 1026 2910 omnes
1050 2845 1107 2913 sed
1131 2847 1223 2909 etiarn
1247 2868 1342 2930 saepe
1372 2870 1446 2912 cau-

315 2951 408 3029 sales,
431 2951 636 3029 concessivae,
659 2950 735 3014 alias
760 2971 830 3013 cum
847 2949 1046 3014 coniunctivo
1061 2950 1247 3013 construxit.
1292 2949 1446 3014 Nonnun-

243 3135 245 3139 .
313 3077 409 3140 ,quam
442 3065 547 3124 tamen
568 3056 740 3140 propriam
775 3063 905 3118 secutus
941 3055 1095 3120 rationem
1134 3076 1224 3143 usum
1260 3055 1445 3120 coniunctivi

300 3160 475 3224 ¹restrimrit
495 3181 531 3223 ac
554 3180 650 3243 saepe
673 3160 815 3244 proprias
838 3159 897 3222 sibi
920 3158 1083 3224 constituit
1098 3158 1196 3242 leges,
1221 3159 1319 3221 veluti
1336 3160 1367 3223 in
1387 3181 1444 3225 usu

314 3263 569 3353 coniunctionum
603 3283 807 3348 qrrumquum,
839 3265 922 3342 licet,
957 3261 1140 3348 quamlibet,
1171 3263 1269 3348 quod,
1304 3263 1445 3328 aliarum.

314 3366 417 3441 Quam
452 3388 517 3431 rem
552 3388 657 3452 neque
697 3367 910 3440 Dederichsus
950 3387 1055 3451 neque
1088 3367 1334 3432 Hassensteinus
1368 3369 1443 3431 setis

313 3474 557 3554 perspexerunt.
1093 3455 1095 3460 ¹

415 3573 454 3638 In
490 3573 534 3638 eis
570 3595 650 3659 quae
685 3580 858 3659 sequuntur
893 3574 1028 3660 primurn
1063 3572 1102 3639 de
1138 3596 1195 3639 usu
1229 3596 1335 3640 earum
1372 3597 1444 3640 con·

312 3676 509 3742 iunctiouurn
532 3678 693 3758 disseram,
715 3698 796 3762 quae
820 3699 891 3742 cum
915 3687 1048 3764 utroque
1078 3678 1173 3743 modo
1205 3677 1253 3762 (ct
1275 3679 1444 3744 indicativo

312 3788 345 3847 et
368 3780 583 3865 coniunctivo)
616 3781 860 3866 coniunguntur,
889 3781 1001 3846 deinde
1025 3781 1065 3847 de
1089 3782 1144 3856 eis,
1167 3804 1249 3867 quae
1273 3804 1342 3847 cum
1375 3783 1443 3847 solo

273 3943 276 3950 .
312 3885 493 3964 indicativo,
517 3885 651 3971 denique
675 3885 784 3968 decis,
808 3907 976 3970 quaecum
993 3887 1192 3951 coniunctiro
1210 3892 1443 3953 construuntur.

310 4083 331 4138 Ι.
368 4083 415 4136 DE
436 4083 774 4138 CONIUNCTIONIBUS
793 4084 869 4138 CUM
893 4045 1111 4141 luuroarlvo
1130 4087 1175 4139 ET
1196 4085 1443 4149 conlusorlvo

750 4171 1006 4226 ooNS'rssuorrs
1381 4179 1382 4182 ’

654 4307 680 4344 Α.
717 4304 888 4358 sparsurus
907 4306 1099 4346 ursimannus,

413 4403 454 4487 Ι,
483 4401 595 4472 Dum.
652 4405 841 4490 Saepissime
879 4405 970 4485 dura,
1006 4419 1069 4470 non
1103 4429 1194 4471 secus
1228 4415 1326 4494 atque
1358 4411 1441 4497 apud

311 4509 448 4593 optimos
472 4508 508 4576 fit
530 4511 711 4593 scriptores,
735 4529 805 4571 cum
829 4512 1006 4595 praesentis
1030 4510 1168 4575 historici
1186 4511 1355 4578 indicativo
1372 4539 1442 4584 cou-
