3224 5162
652 549 745 640 [rea]
1229 555 1263 622 11

130 753 324 840 pendentem
348 752 467 838 ubique
491 773 561 816 oum
591 749 832 836 imperfecto
864 749 912 813 vel
944 750 1268 835 plusquamper-

130 847 246 924 fecto
272 857 534 922 coniunctivi
558 855 598 920 ad
623 857 782 920 actionem
799 856 1006 940 praeteritam
1029 854 1269 940 exprimendam

131 964 290 1029 construit
324 961 378 1046 (of.
407 983 479 1050 pag.
506 961 570 1042 lo).
617 963 725 1045 Atque
759 961 786 1024 si
820 958 1025 1023 indicativum
1056 959 1268 1043 praetulisset,

128 1068 198 1132 sine
221 1066 319 1132 dubio
350 1066 456 1152 aptius
486 1065 713 1150 imperfectum,
743 1086 806 1129 non
840 1085 989 1149 praeseus
1020 1064 1179 1150 posuisset
1210 1059 1267 1148 (ef.

129 1171 240 1254 inira).

236 1279 287 1341 30.
321 1279 356 1351 5,
393 1278 428 1340 li
464 1296 591 1361 cumque
622 1276 709 1340 locus
742 1273 880 1357 adaestis
913 1273 1081 1338 ruderibus
1114 1274 1269 1355 aculeatus

126 1389 301 1466 pareatur,
317 1383 441 1464 lapsam
454 1380 560 1462 forem
576 1429 584 1444 .
602 1430 609 1445 .
626 1427 634 1443 .
650 1379 819 1442 multitudo
835 1398 989 1442 remouere
1005 1398 1068 1441 uou
1083 1378 1195 1462 poterit.
1230 1376 1267 1440 In

130 1484 241 1550 codice
257 1485 288 1549 V
312 1491 360 1551 est
381 1491 605 1569 purgatum
630 1483 794 1556 Gelenius,
813 1503 884 1547 oum
901 1482 933 1546 in
948 1482 1030 1546 libro
1048 1479 1270 1554 Hersieldcnsi

131 1588 267 1654 eandem
290 1588 378 1653 verbi
396 1587 534 1652 'formam
558 1586 761 1673 repperisset,
786 1585 968 1652 emendavit
989 1586 1095 1650 locum
1118 1606 1192 1670 pur
1200 1605 1269 1670 ga·

131 1698 245 1758 retur
277 1692 454 1756 scribendo.
508 1690 571 1756 Sed
601 1697 812 1777 purgatus
842 1689 1016 1754 tenendum
1047 1696 1096 1754 est
1125 1709 1162 1753 ae
1195 1709 1269 1754 oon·

132 1797 238 1861 textui
261 1797 375 1881 copula
398 1802 510 1860 esset
533 1793 719 1877 inserenda;
751 1815 832 1879 quae
865 1795 971 1858 neseio
1002 1815 1042 1857 an
1065 1794 1269 1877 neglegentia

130 1901 252 1965 librarii
278 1901 393 1966 codicis
423 1898 661 1965 Hersfeldensis
690 1898 894 1964 interciderit.
939 1899 1042 1962 Paulo
1073 1898 1269 1982 probabilior

133 2004 314 2070 emendatio
351 2005 405 2068 illa
442 2025 512 2068 esse
538 2004 694 2084 videtur,
737 2025 831 2089 quam
868 2002 903 2068 O.
936 2001 989 2067 W.
1026 2003 1062 2066 F.
1098 2002 1270 2067 Muellerus

134 2109 178 2188 (in
204 2109 310 2172 annal.
331 2107 440 2192 philol.
467 2107 549 2172 1873
573 2128 646 2191 pag.
672 2105 750 2189 364)
776 2107 955 2192 proposuit:
987 2107 1055 2169 vult
1088 2107 1170 2170 enim
1202 2126 1272 2170 cerm

132 2211 164 2275 in
187 2212 265 2276 dum
289 2213 424 2294 mutari,
455 2211 542 2298 quod
565 2231 694 2275 necesse
719 2217 767 2274 est
789 2211 854 2292 fiat,
879 2230 950 2274 cum
973 2215 1176 2293 purgatus
1201 2229 1271 2294 per-

134 2337 244 2402 peram
260 2338 317 2403 pro
335 2324 541 2402 purgatur
558 2323 723 2380 exaratum
742 2335 810 2378 esse
826 2323 963 2378 censeat.
989 2313 1151 2398 Quidquid
1164 2321 1270 2378 tamen

137 2421 364 2501 emendaveris,
380 2441 458 2486 sane
476 2441 559 2484 cum
574 2472 580 2486 .
596 2471 603 2486 .
619 2471 626 2486 .
644 2426 852 2504 purgatur
868 2417 1044 2482 tollendum
1058 2423 1113 2496 est,
1130 2417 1271 2502 quando·

136 2525 263 2610 quidem
294 2547 399 2611 neque
430 2525 581 2589 traditum
617 2531 666 2589 est
703 2545 807 2610 neque
838 2544 910 2587 cum
942 2522 1097 2587 sententia
1129 2523 1271 2607 reliquae

109 2643 115 2656 ·
137 2629 290 2693 orationis
313 2630 468 2712 congruit.

240 2732 381 2798 Similem
404 2733 434 2796 in
460 2723 589 2797 modurn
605 2732 639 2796 hi
654 2731 718 2797 duo
738 2732 808 2811 loci,
831 2731 946 2816 quibus
970 2752 1055 2795 oum
1079 2732 1271 2796 construitur

137 2858 209 2901 eum
231 2844 397 2922 praesente
422 2838 572 2902 historico
596 2837 770 2918 indicativi,
787 2835 976 2900 emendandi
995 2843 1084 2900 sunt:
1107 2838 1159 2902 25.
1184 2840 1213 2918 4,
1230 2837 1271 2900 23

136 2942 240 3004 sciant
261 2986 270 3002 .
295 2991 302 3006 .
327 2989 334 3004 .
358 2939 600 3006 Constantinum
624 2942 756 3005 ardores
779 2941 946 3006 Parthicos
967 2941 1173 3022 succendisse,
1203 2961 1273 3004 cura

136 3045 312 3111 Metrodori
333 3047 505 3112 mendaciis
529 3048 654 3112 auidius
671 3047 843 3132 adquiescit
859 3045 873 3122 i
874 3047 1069 3130 germanice:
1093 3068 1134 3111 so
1158 3047 1271 3129 lange

137 3149 213 3232 er);
237 3151 288 3214 29.
314 3153 341 3231 l,
363 3153 403 3215 26
434 3151 538 3215 eoderu
562 3151 611 3215 die
627 3199 634 3214 .
652 3199 684 3216 ..
708 3157 849 3214 eoeuerat
871 3151 969 3230 triste,
998 3149 1081 3234 quod
1104 3149 1206 3228 Salia,
1221 3199 1228 3213 .
1242 3197 1272 3213 ..

137 3273 205 3317 cum
228 3253 266 3317 de
287 3255 419 3318 uinculis
441 3254 586 3319 educitur
609 3253 787 3318 audiendus
809 3260 838 3317 et
854 3254 956 3318 calceo
976 3255 1087 3317 inserit
1108 3252 1271 3336 pedere...

137 3357 277 3420 animaru
303 3407 309 3419 .
334 3408 341 3423 .
365 3407 372 3422 .
396 3356 526 3443 efflauit.
580 3357 674 3430 Quos
699 3357 787 3420 locos
818 3359 842 3420 si
873 3357 1051 3420 accuratius
1081 3358 1269 3440 inspexeris,

136 3461 180 3524 ita
202 3458 467 3543 redintegrandos
490 3481 559 3524 esse
580 3460 717 3545 putabis,
740 3466 776 3524 ut
798 3479 856 3542 pro
882 3481 965 3524 eum
989 3461 1146 3524 scribatur
1169 3460 1270 3523 dum.

136 3565 184 3627 Ac
217 3564 353 3648 primum
388 3563 515 3648 quidem
549 3565 775 3628 sententiarum
813 3584 955 3629 conexus
987 3563 1073 3628 dum
1106 3564 1272 3647 efflagitet.

136 3665 261 3730 Deinde
278 3667 437 3732 Ammiani
453 3689 529 3731 usus
545 3668 692 3752 loquendi
709 3667 882 3748 dissuadet,
908 3676 943 3730 ut
960 3668 1065 3752 priore
1082 3670 1151 3732 loco
1169 3688 1272 3743 oum,

137 3770 256 3854 quippe
279 3771 363 3856 quod
388 3772 418 3835 in
445 3770 585 3836 oratione
609 3772 744 3856 positum
762 3771 801 3835 sit
817 3771 954 3856 obliqua,
974 3771 1184 3854 coniungatur
1200 3793 1272 3835 oum

135 3873 314 3939 indicativo.
360 3875 457 3938 Hunc
482 3876 565 3938 cuim
589 3895 680 3939 usum
703 3874 790 3958 apud
807 3869 1008 3939 Ammianum
1024 3875 1122 3938 semel
1137 3873 1272 3956 legimus

137 3980 204 4054 (23.
238 3981 275 4060 6,
309 3981 387 4062 7,8
422 3977 460 4042 ef.
492 3978 607 4058 inira),
638 3985 751 4044 contra
779 3978 869 4042 dum
901 3979 932 4040 iu
964 3977 1108 4041 oratioue
1143 3977 1271 4062 obliqua

138 4081 232 4144 rnodo
256 4103 328 4146 cum
350 4080 534 4164 indicativo,
558 4083 653 4146 modo
677 4103 749 4146 eum
775 4081 976 4145 coniunctivc
996 4081 1199 4144 coniunctum
1223 4088 1273 4146 est

138 4184 192 4265 (ci.
216 4187 269 4250 31.
296 4189 346 4269 13,
376 4188 432 4267 ¹43
462 4187 507 4248 15.
531 4190 567 4269 5,
602 4186 664 4267 16).
711 4184 825 4270 Itaque
849 4185 923 4249 duca
947 4232 954 4247 .
979 4233 986 4247 .
1012 4232 1018 4247 .
1043 4183 1215 4268 adquiescit
1242 4192 1273 4249 et

139 4288 214 4352 dcem
229 4338 236 4353 .
254 4337 286 4355 ..
310 4289 454 4354 educitur
469 4291 653 4371 scribemus,
677 4290 704 4354 si
726 4289 853 4374 syntaxi
879 4286 1038 4373 quandam
1060 4289 1272 4354 constantiam

139 4393 345 4479 perpolieudo
375 4390 535 4458 vindicare
558 4394 711 4458 volemus.
