3224 5162
305 539 324 599 c
827 531 916 617 [rra]

304 726 475 791 sententias
499 733 646 789 accuratu
666 725 880 810 perquireret3
904 746 962 790 uec
979 724 1108 788 dubium
1126 732 1184 806 est,
1201 725 1287 811 quin,
1304 725 1328 788 si
1346 720 1438 788 simili

304 828 454 894 modain
479 833 581 892 totum
612 836 792 912 temporum
822 849 861 893 ac
891 829 1058 892 modorum
1090 849 1182 893 usum
1214 829 1438 915 inquisivisset,

305 933 450 1012 omnibus
473 933 610 996 numeris
633 933 812 996 absolutum
839 931 879 995 de
910 931 958 995 his
988 933 1085 997 rebus
1116 933 1376 998 commentarium
1405 933 1439 996 in

304 1039 408 1102 lucem
434 1037 575 1101 editurus
599 1036 707 1102 luerit.
754 1036 845 1111 Quae
870 1057 940 1100 cum
964 1037 1008 1101 ita
1029 1037 1101 1115 sint,
1124 1037 1273 1124 equidem
1287 1037 1438 1123 syntaain

304 1142 392 1206 verbi
415 1141 455 1206 ab
479 1140 710 1206 Hassenstelno
734 1141 826 1204 nimis
850 1141 989 1206 breviter
1012 1147 1178 1205 tractatam
1202 1142 1438 1206 retractandam

304 1245 437 1331 suscepi.

405 1349 491 1414 Luce
515 1347 629 1411 clarius
652 1345 818 1431 apparebit
834 1348 1037 1412 Ammianum
1062 1369 1124 1412 non
1149 1347 1256 1431 modo,
1279 1357 1316 1412 ut
1339 1347 1438 1410 homi·

303 1473 377 1516 nem
408 1451 536 1515 natione
568 1450 723 1514 Graecum
756 1459 788 1514 et
820 1449 951 1513 militem
983 1451 1165 1515 Romanum
1197 1457 1229 1514 et
1260 1459 1439 1516 structuras

304 1555 443 1619 Graecas
467 1553 648 1618 adhibuisse
677 1558 708 1617 et
738 1575 831 1616 usum
861 1554 991 1638 linguae
1021 1554 1161 1639 vulgaris
1191 1562 1337 1620 secutum
1369 1575 1439 1620 esse

302 1665 397 1744 atqua
432 1658 515 1722 iuter
549 1679 583 1721 se
617 1657 857 1741 permiscuisse,
894 1658 949 1722 sed
986 1659 1079 1722 etiam
1114 1659 1211 1725 modo
1245 1660 1439 1744 optimorum

303 1764 492 1847 scriptorum
516 1781 616 1844 genus
639 1760 765 1826 dicendi
787 1781 857 1826 esse
879 1762 1035 1825 imitatum
1061 1761 1156 1827 mado
1179 1763 1356 1848 peculiares
1378 1762 1439 1827 sibi

303 1887 431 1932 normas
464 1887 502 1930 ac
532 1885 628 1950 saepe
657 1863 811 1929 absurdas
841 1866 1032 1951 ineptasque
1062 1866 1206 1931 licentias
1236 1865 1438 1930 constituisse

302 1979 357 2033 aut
379 1990 398 2033 a
422 1969 629 2052 grammatico
654 1967 803 2054 quodam,
826 1969 914 2034 cuius
932 1989 1029 2054 opera
1045 1970 1158 2034 litteris
1174 1969 1280 2034 latinis
1296 1969 1438 2033 imbutus

302 2081 397 2155 esset,
421 2073 609 2138 constitutas
634 2075 803 2158 accepisse.

406 2177 475 2240 Iam
498 2177 598 2263 primu
620 2177 701 2241 libro
730 2176 769 2241 de
801 2184 981 2262 temporum
1009 2200 1069 2243 usu
1098 2177 1259 2254 disseram,
1288 2183 1385 2264 atque
1405 2179 1436 2242 in

303 2280 409 2365 priore
432 2281 526 2345 huius
550 2280 621 2344 libri
636 2288 727 2365 parte
744 2279 784 2345 de
799 2290 991 2366 temporum,
1015 2282 1129 2368 quibus
1146 2303 1195 2346 res
1211 2283 1311 2346 semel
1325 2290 1436 2366 gestae

303 2384 534 2468 exprimuntur,
558 2405 618 2449 usu
642 2384 821 2469 disputabo,
844 2386 875 2450 in
906 2387 1007 2451 altera
1037 2395 1129 2472 parte
1153 2394 1331 2451 ceterorum
1358 2393 1437 2450 tem-

303 2508 417 2572 porum
446 2489 600 2552 rationem
632 2508 802 2573 exponam.
847 2483 960 2554 Altero
992 2490 1072 2554 libro
1105 2489 1145 2555 de
1177 2490 1343 2556 modorum
1375 2512 1437 2555 usu

303 2591 416 2660 dicam.

669 2901 848 2996 LIBER
885 2900 1068 2998 PRIOR.

587 3083 654 3165 DE
689 3083 1001 3168 TEMPORUM
1036 3086 1156 3169 Ub'U.

751 3243 928 3320 CAPUT
958 3247 986 3318 l.

302 3401 351 3454 DE
371 3398 586 3460 sadecenu,
606 3398 740 3462 QUIBUS
760 3399 826 3451 Rus
851 3399 969 3454 SEMEL
996 3401 1137 3455 GESTAE
1156 3401 1437 3466 EXPRIMUNTUR,

828 3485 908 3540 USU.

660 3607 730 3689 ar.
776 3606 1083 3674 mmunaivus.

404 3739 469 3803 Res
491 3743 596 3821 gestas
618 3737 663 3800 ita
686 3743 811 3801 enarrat
826 3737 1026 3822 Ammianus,
1051 3747 1086 3804 ut
1109 3759 1172 3804 uon
1196 3740 1341 3804 omnibus
1357 3740 1433 3804 locis

302 3841 415 3907 eodem
448 3849 556 3905 utatur
587 3850 740 3926 tempore.
796 3842 1016 3909 Memorantur
1050 3845 1132 3908 enim
1165 3845 1305 3908 actiones
1339 3843 1436 3909 semel

301 3947 494 4031 praeteritae
518 3966 579 4031 ope
602 3952 753 4033 quattuor
774 3947 966 4013 formarum:

407 4055 440 4132 1)
464 4051 595 4137 perfecti
619 4052 791 4128 indicativi,

404 4157 440 4234 2)
466 4156 640 4239 praesentis
663 4154 832 4234 indicativi,

405 4260 439 4337 3)
463 4258 764 4344 plusquamperfecti
785 4259 958 4342 indicativi,

405 4359 440 4443 4)
463 4361 640 4446 imperfecti
663 4363 837 4428 indicativi.

406 4463 457 4528 Ex
480 4465 529 4528 his
552 4472 702 4551 quattuor
721 4467 921 4552 temporibus
936 4467 1015 4533 nihil
1030 4471 1105 4534 novi
1120 4472 1203 4537 inest
1218 4472 1250 4534 in
1265 4471 1435 4536 indicativo

302 4567 435 4657 perfecti
458 4569 579 4648 eodem,
602 4590 665 4656 quo
683 4571 798 4638 Graeci
821 4574 941 4639 aoristc
967 4575 1148 4657 utebantur,
1171 4575 1268 4640 modo
1292 4574 1435 4658 usurpati
