3224 5162
685 485 775 573 [111]
1255 493 1295 555 45

168 677 219 742 too
239 700 335 742 unum
361 685 488 743 mentem
512 680 682 744 sollicitam
704 679 870 764 diripebat,
896 683 980 767 quod
1002 680 1203 748 Constantius
1226 733 1234 748 .
1258 727 1265 744 .
1289 733 1297 748 .
1419 721 1421 728 ‹

167 803 218 847 mc
239 783 490 867 satisfactionem
511 785 661 868 suscipiet
684 784 823 869 aliquam
846 788 1041 851 necaretis
1066 789 1213 871 ipnoscet,
1243 787 1298 851 sed

169 938 175 953 .
197 935 204 950 .
227 935 234 950 .
256 889 286 951 si
308 889 435 971 cepisset
456 890 628 969 incautum,
652 893 751 952 morte
766 890 915 954 multaret
929 890 967 970 (si
991 891 1118 975 ceperit,
1134 889 1297 955 multabit:

167 991 248 1076 quod
272 998 385 1077 postea
406 992 526 1056 factum
557 991 636 1073 est);
668 995 719 1058 24.
753 995 783 1076 7,
814 997 833 1058 5
861 995 987 1077 poterit,
1009 993 1214 1077 faterentur3
1247 998 1297 1059 14.

168 1096 213 1174 11,
237 1098 274 1160 11
300 1097 355 1180 qui
375 1089 467 1161 cuni.
491 1145 499 1160 .
523 1143 530 1158 .
551 1098 701 1180 pellenit.
726 1143 733 1159 .
756 1148 763 1163 .
788 1101 914 1182 saepius
935 1099 1121 1182 replicando
1143 1099 1226 1183 quod
1242 1149 1249 1164 .
1266 1146 1299 1163 ..

164 1220 228 1264 mm
249 1201 354 1265 eidem
379 1200 489 1282 frater
517 1207 641 1285 cuperet
664 1202 833 1285 patruclis,
857 1253 864 1266 .
890 1254 898 1268 .
923 1252 930 1266 .
953 1195 1203 1287 participemque
1229 1223 1297 1267 eum

164 1324 236 1368 suae
261 1306 434 1369 maiestatis
466 1305 628 1371 adsciscet.
676 1304 940 1370 Gardthausenua
969 1306 1156 1371 adscisceret
1186 1307 1298 1391 recipit

162 1407 335 1473 seeundum
359 1408 394 1474 C.
418 1409 455 1472 F.
479 1409 533 1474 W.
556 1409 703 1473 Muelleri
726 1409 991 1476 emendationem.
1038 1409 1102 1476 Sed
1125 1418 1202 1496 puto
1220 1413 1297 1475 Am·

162 1513 299 1578 mianum
315 1513 468 1578 adsciscet
483 1514 657 1598 scripsisse.
685 1513 796 1578 Oodex
812 1513 844 1576 V
858 1515 963 1579 locum
980 1515 1098 1580 leviter
1115 1522 1297 1600 corruptum

162 1617 308 1704 praebet:
340 1616 467 1680 adsciso
495 1622 534 1681 ct.
578 1616 700 1681 Littera
723 1637 741 1681 o
763 1616 830 1682 sine
858 1616 955 1681 dubio
986 1624 1040 1681 ant
1073 1639 1114 1682 ex
1144 1640 1159 1682 o
1188 1618 1297 1702 negle-

161 1728 273 1806 genter
296 1728 428 1786 exarata
451 1721 605 1805 originem
629 1720 722 1785 duxit
744 1728 799 1784 aut
822 1741 990 1807 perperam
1012 1741 1071 1806 pro
1095 1743 1110 1786 c
1135 1721 1295 1807 descripta

162 1831 219 1890 est.
265 1824 434 1891 Medorum
458 1826 591 1890 variatio
615 1825 763 1908 (cuperet,
789 1825 958 1908 adsciscet)
983 1826 1060 1890 nihil
1083 1825 1180 1890 habet
1209 1826 1295 1910 quod

159 1927 308 1994 offendat.
353 1927 479 1993 Deinde
502 1929 656 1994 adsciscet
687 1950 758 1995 eum
788 1929 947 1994 sententia
976 1951 1107 2014 prorsus
1138 1932 1298 2014 congruit.

160 2035 223 2115 (De
245 2033 307 2097 hoa
330 2055 388 2098 usu
412 2033 566 2118 ampliora
587 2034 740 2118 leguntur
761 2054 792 2118 p.
816 2035 858 2097 29
881 2032 1004 2116 adnot.)

264 2159 291 2202 c.
325 2137 435 2202 aliae
458 2137 787 2202 enuntiationes.

264 2246 313 2304 14.
338 2245 387 2324 10,
414 2247 441 2319 1,
465 2244 484 2304 2
507 2241 600 2305 Haec
622 2241 697 2305 dum
721 2242 824 2305 orions
846 2241 903 2305 diu
921 2241 1090 2325 perferret,
1116 2291 1123 2306 .
1149 2291 1157 2306 .
1182 2292 1189 2306 .
1219 2240 1296 2306 Con·

160 2347 361 2411 stantius..
387 2396 395 2411 .
431 2344 611 2409 Valentiam
637 2347 719 2429 petit
741 2392 749 2409 .
773 2391 811 2407 ..
845 2343 895 2428 (2)
917 2345 1050 2428 dumque
1079 2344 1122 2407 ibi
1150 2351 1296 2409 onoratur

161 2501 199 2516 ..
224 2501 231 2515 .
254 2447 462 2514 Herculanus
485 2450 629 2532 odoenit3
653 2451 704 2514 25.
729 2449 758 2529 3,
784 2452 823 2513 10
846 2457 874 2514 et
903 2450 1044 2535 quamuis
1075 2448 1296 2532 offundebatur

160 2557 255 2620 oculis
277 2555 412 2619 altitudo
429 2556 574 2638 pulueris
596 2561 624 2618 et
646 2560 750 2618 aestus
778 2556 931 2645 calescens
961 2553 1101 2637 officeret
1130 2554 1296 2619 alacritati

160 2657 376 2739 crrembrorum,
394 2665 497 2723 tarneu
514 2703 565 2723 ...
588 2657 748 2721 ructatio
762 2657 910 2740 ferrum3
935 2660 986 2722 25.
1008 2659 1037 2736 3,
1056 2660 1094 2721 15
1112 2658 1293 2741 perdoctum,

160 2770 308 2847 quantum
333 2784 464 2847 corpore
486 2764 527 2826 sit
549 2761 668 2826 beatior
691 2763 815 2825 anirnus
847 2769 875 2826 et
904 2762 1125 2846 contemplans,
1155 2765 1294 2849 quotiens

161 2867 300 2931 condicio
323 2869 432 2932 melior
454 2887 475 2930 a
498 2866 651 2931 deteriore
673 2866 855 2930 secernitur.

263 2969 294 3034 d.
329 2970 543 3034 Demadis
568 2971 779 3034 orationis
811 2969 1012 3052 obliquae
1042 2976 1128 3034 recte
1151 2970 1293 3036 Hassen-

159 3077 278 3140 ateinue
303 3074 390 3159 (pag.
407 3074 462 3153 37)
479 3075 560 3139 haec
576 3075 702 3139 docuit:
725 3073 881 3138 Graecum
897 3093 987 3138 usum
1003 3080 1158 3158 sequentes
1172 3073 1293 3157 Liuius,

158 3178 298 3261 Tacitus,
322 3178 477 3259 turstinus,
501 3180 681 3263 saepissime
707 3177 897 3243 Ammianus
920 3181 954 3242 in
975 3180 1147 3241 enuntiatis
1164 3180 1294 3243 minori·

157 3284 211 3347 tus
245 3285 399 3347 orationis
434 3281 574 3366 obliquae
605 3283 813 3348 indicativum
839 3288 964 3365 ponunt
995 3302 1056 3365 pro
1090 3283 1293 3364 coniunctiao,

157 3389 281 3453 etiamsi
303 3408 340 3451 cu
361 3388 513 3472 loquentis
535 3406 599 3449 rrou
626 3387 790 3451 seribmtis
818 3407 911 3450 serrsu
933 3407 972 3450 ca
999 3405 1150 3451 emanare
1180 3387 1295 3451 intelle-

157 3493 290 3576 pcndum
316 3500 368 3556 est.
415 3492 520 3574 Saepe
549 3491 635 3554 rnodi
664 3491 896 3557 sententiarum
926 3493 1082 3556 minorum
1112 3493 1291 3574 variantur3

157 3619 257 3661 unum
279 3597 342 3660 citu
366 3595 563 3679 exemplum:
589 3598 638 3660 15.
663 3599 692 3676 5,
718 3598 734 3658 7
760 3596 932 3660 testabatur
958 3599 1037 3660 enim
1065 3595 1100 3658 id
1129 3617 1161 3660 se
1177 3599 1294 3678 procul

157 3702 249 3766 dubio
279 3703 361 3765 seire
392 3701 488 3785 quod,
520 3702 603 3786 siqui
632 3702 806 3765 mitteretur
838 3707 1000 3780 aeternus,
1030 3706 1137 3781 suapte
1169 3702 1293 3784 luponio

158 3806 305 3870 Siloarms
329 3855 337 3870 .
360 3853 368 3869 .
394 3855 401 3869 .
427 3807 587 3888 conposita
607 3804 693 3888 forte
716 3804 862 3870 turbabit.

686 4075 703 4158 1
727 4079 757 4142 2.

156 4240 217 4308 11
242 4239 467 4307 nooonun
496 4240 582 4307 usu
611 4241 659 4307 11
689 4237 952 4306 1111111111
985 4233 1291 4304 1111111111.

260 4430 526 4496 Indicativus
549 4439 584 4495 ut
607 4431 638 4494 in
669 4430 832 4495 sententiis
862 4429 1018 4513 primariis
1047 4431 1092 4494 ita
1120 4431 1153 4496 iu
1181 4452 1292 4496 seeun-

158 4537 252 4602 dariis
276 4536 404 4619 legitur,
433 4536 459 4599 ei
483 4536 509 4599 is
537 4538 591 4619 qni
621 4534 762 4620 loquitur
784 4532 929 4598 absolute
958 4533 1097 4598 indicare
1127 4535 1194 4597 vult
1223 4555 1289 4600 rem
