3224 5162
676 529 764 612 [149]
1245 534 1284 594 ss

151 727 208 782 aut
230 719 577 804 plusquamperfectum
600 720 790 785 coniunctivi
814 723 900 785 vices
923 725 1022 805 agunt
1044 721 1141 785 futuri
1157 721 1192 784 II
1212 740 1285 784 con·

149 823 289 888 innativi.
341 823 392 888 Dc
430 824 492 889 hoo
529 845 589 890 usu
621 844 717 909 supra
750 826 826 892 satis
859 825 1020 911 disputavi
1055 846 1128 912 pag.
1162 827 1203 889 22
1239 845 1285 911 sq.

150 928 203 994 29.
227 928 278 992 35.

537 1225 608 1307 aa.
652 1222 897 1291 cornuum.

347 1417 369 1467 l.
400 1415 454 1466 'DE
480 1414 758 1469 CONIUGATIONE
785 1416 1088 1469 PERIPHRASTIGA.

253 1535 491 1622 coniugationis
515 1537 761 1622 periphrasticae
785 1561 815 1624 q.
839 1537 870 1605 d.
893 1538 1014 1604 formae
1038 1537 1123 1624 apud
1146 1537 1286 1604 Ammia-

146 1663 226 1710 num
247 1663 312 1706 non
334 1639 507 1705 admodum
529 1642 714 1728 frequentes
738 1648 821 1706 sunt.

252 1762 457 1826 Activum.
528 1765 557 1828 1.
594 1763 880 1848 Participium
924 1765 1168 1848 praesentis
1213 1786 1284 1833 cum

147 1869 264 1955 copula
286 1887 351 1931 esse
373 1865 560 1931 Ammianus
583 1888 646 1934 non
670 1867 843 1932 coniunxit.

252 1973 282 2036 2.
326 1971 601 2056 Participium
622 1973 771 2051 futuri,
795 1971 881 2057 quod
903 1972 1089 2057 saepissimo
1105 1971 1190 2058 apud
1211 1994 1284 2056 eum

148 2075 301 2157 occurrit,
333 2096 406 2141 raro
441 2095 511 2140 cum
546 2075 653 2141 formis
690 2075 780 2141 verbi
813 2095 876 2142 esse
910 2077 1128 2168 coniungitur,
1177 2076 1282 2151 Quam

146 2187 344 2247 structuram
366 2179 446 2244 adeo
462 2180 581 2244 evitare
599 2179 724 2244 videtur
739 2179 937 2263 Ammianus,
961 2188 1008 2260 ut,
1024 2181 1079 2245 ubi
1094 2182 1282 2267 scriptorem

146 2285 286 2370 aliquem
310 2282 460 2348 exscribit
482 2283 534 2346 vel
555 2282 703 2365 imitatur,
727 2304 785 2368 pro
809 2285 1032 2368 coniugatione
1055 2283 1284 2370 periphrastioa

145 2388 246 2454 futuri
268 2388 320 2452 vel
343 2387 446 2452 solum
475 2387 676 2474 participium
705 2387 803 2453 futuri
835 2390 887 2454 vel
918 2389 1012 2454 aliam
1043 2388 1183 2474 aliquam
1210 2411 1284 2455 oon·

146 2491 355 2557 structionem
380 2497 527 2576 usurpet:

148 2595 203 2662 cfr.
228 2594 292 2660 Cio.
314 2593 406 2659 Brut.
430 2596 481 2676 84,
505 2596 567 2659 289
595 2616 664 2660 oum
768 2596 874 2660 Amm.
899 2597 949 2663 30.
974 2599 1041 2674 4‚5
1064 2596 1284 2664 Demosthenes

231 2697 451 2766 Demosthenes
464 2699 608 2764 dicturus
619 2719 664 2763 ea·
853 2716 910 2780 qao
934 2700 1056 2764 dicturo
1064 2720 1078 2782 ;

231 2809 296 2886 set;

234 2905 297 2971 Cio.
314 2904 359 2994 ⁸cd
375 2905 442 2970 Att.
458 2905 492 2970 Il
516 2909 552 2970 21
573 2924 664 2990 qaor-
766 2905 872 2972 Amm.
887 2909 937 2974 17.
951 2908 1009 2990 2,2
1025 2925 1171 2989 quorsum
1182 2929 1282 2974 ereru-

232 3031 287 3076 sus
308 3017 466 3094 eruptura
488 3012 538 3075 sit.
849 3018 947 3095 peret.

250 3115 342 3190 Quae
370 3114 433 3179 duo
463 3115 610 3201 exempla
640 3115 799 3182 sufficient
827 3114 868 3181 ad
900 3117 1092 3200 singularem
1123 3114 1283 3182 Ammiani

146 3221 305 3288 rationem
328 3218 452 3284 dicendi
474 3219 738 3305 patefaciendam.

250 3323 441 3408 coniugatio
475 3325 705 3411 periphrastioa
739 3344 895 3408 nusquam
928 3322 995 3390 fore
1028 3323 1088 3389 nisi
1121 3324 1153 3387 iu
1188 3345 1284 3390 sen·

143 3429 293 3494 tentiis
325 3428 649 3514 interrogativis
681 3429 865 3515 obliquis
898 3433 1024 3493 exstare
1054 3427 1196 3493 videtur:
1234 3431 1284 3493 15.

142 3538 173 3614 8,
201 3536 239 3600 16
262 3535 316 3616 qui
333 3534 470 3617 feturas
492 3536 533 3599 stt
564 3533 769 3618 colliqebout3
803 3535 852 3599 18.
877 3533 946 3614 5‚1
980 3535 1034 3616 qui
1064 3536 1128 3600 siret
1159 3536 1284 3598 araturi

143 3637 330 3704 describens.

247 3742 401 3808 Passiv
412 3763 484 3808 um.
520 3747 548 3809 1.
571 3742 715 3818 Formas,
735 3763 814 3828 quas
828 3739 939 3807 dicunt
953 3739 1105 3825 imprimis
1122 3741 1283 3821 Livianus,

141 3845 248 3910 idest
275 3846 517 3930 participium
547 3846 713 3932 perfecti
748 3845 866 3933 passivi
900 3845 951 3910 vel
984 3843 1171 3927 deponentis
1211 3867 1283 3911 oum

133 3950 218 4035 fuit,
232 3950 358 4033 fuerat,
375 3950 493 4035 fuerit,
512 3950 640 4035 fuisset,
652 3949 755 4034 feisse
771 3951 982 4028 coniunctum,
999 3947 1189 4014 Ammianus
1206 3970 1283 4014 non·

141 4076 307 4140 nunquam
322 4057 499 4141 usurpavit,
522 4057 567 4120 ita
583 4062 691 4121 tamen
706 4062 742 4121 ut
755 4055 949 4141 peculiarem
963 4053 1221 4138 singularemque
1244 4074 1285 4118 cx

141 4180 232 4225 more
254 4180 313 4224 suo
338 4165 524 4244 sequoretur
547 4160 713 4226 rationem.
758 4159 807 4227 Ac
822 4160 959 4245 primum
975 4157 1105 4244 quidem
1125 4178 1282 4243 nusquam

142 4262 399 4328 indicativus
420 4264 550 4348 legitur,
572 4264 627 4328 sed
651 4263 948 4329 coniunctivus
966 4267 999 4326 et
1019 4261 1286 4345 infinitivus,

143 4367 311 4453 quinquies
331 4367 444 4452 fuisse,
468 4369 585 4454 septies
603 4369 731 4452 fuisset,
754 4368 903 4435 undecies
918 4367 1036 4453 fuerit.
1075 4365 1200 4432 Deinde
1222 4368 1285 4434 hae

143 4470 266 4536 formae
289 4472 404 4536 nonin
428 4472 584 4557 primariis
608 4472 771 4538 sententiis
794 4478 965 4558 ponuntur,
995 4470 1051 4535 sed
1082 4477 1243 4560 tamquam
1267 4493 1285 4538 e

145 4575 239 4640 certis
262 4574 452 4660 quibusdam
478 4575 748 4642 coniunctionibus
778 4575 936 4663 pendent;
967 4580 1041 4639 sunt
1073 4582 1183 4641 autem
1214 4576 1285 4662 hae,
