3224 5162
357 525 399 604 ao
871 537 971 624 11111

460 737 490 797 3.
524 731 575 799 Ad
599 731 771 818 particulas
795 733 937 798 causales
960 734 1079 819 puin,
1101 731 1300 819 quoniam
1322 753 1403 817 quae
1426 753 1509 818 per-

356 835 469 918 tinent,
492 836 573 902 intra
595 836 728 903 afferam
750 859 824 924 pag.
849 841 899 904 70.

469 1047 472 1054 .
489 1031 490 1038 ¹
545 1017 575 1057 .c.
599 1017 772 1062 Sllffllfflffl
791 1017 982 1058 aoncnmrvnn
1000 1017 1054 1057 vnn
1072 1015 1296 1059 anvnasamvnn.

457 1123 508 1193 De
518 1151 520 1158 ·
530 1126 694 1212 particulis
710 1127 902 1193 concessivis
918 1124 1135 1192 Dederichsus
1155 1147 1230 1212 pag.
1247 1127 1288 1191 25
1305 1126 1505 1194 et·Hassen-

355 1231 477 1298 sicinus
500 1243 577 1316 pag:
589 1234 631 1297 42
654 1249 757 1316 pauca
772 1230 1027 1316 disputaverunt.
1065 1231 1147 1298 Rem
1163 1231 1300 1317 amplius
1316 1252 1353 1297 aa
1368 1232 1504 1318 planius

356 1335 401 1401 ita
422 1335 676 1420 retractabimus,
707 1343 743 1401 ut
772 1357 852 1422 quas
881 1336 970 1421 leges
1003 1335 1182 1421 singulares
1213 1333 1404 1404 Ammianus
1436 1337 1502 1403 sibi

354 1441 492 1520 linxeiit,
516 1439 732 1506 ostendamus.

424 1551 428 1560 '
459 1547 488 1612 1.
519 1544 617 1610 'Cum
646 1545 742 1610 modo
772 1566 843 1610 anm
874 1543 1056 1628 indicativo,
1078 1541 1174 1610 mado
1198 1565 1270 1610 aum
1293 1543 1501 1610 coniunctivo

355 1651 558 1715 construitur.

389 1835 392 1841 Ι
458 1751 779 1819 Oaniunotivus
816 1752 978 1836 sequitur:
1013 1753 1064 1818 14.
1097 1754 1133 1831 1,
1163 1755 1182 1816 8
1216 1749 1349 1835 abrupte
1384 1754 1503 1817 mariti

346 1857 505 1942 fortunas
527 1856 672 1922 trudebat
687 1859 723 1922 in
738 1859 867 1922 anitium
886 1877 1048 1941 praecepa,
1073 1877 1143 1921 aum
1159 1873 1227 1920 eum
1247 1858 1354 1940 patius
1369 1857 1502 1922 ienitate

344 1957 489 2046 feminea
512 1961 557 2025 ad
578 1963 721 2026 ueritatis
749 1963 835 2026 aiam
864 1961 1015 2025 reducere
1037 2011 1045 2026 .
1068 2005 1075 2022 .
1099 2011 1107 2026 .
1130 1959 1266 2040 deberem
1300 1962 1349 2026 14.
1382 1961 1411 2041 7,
1439 1961 1502 2044 181

356 2067 406 2132 14.
430 2067 459 2140 9,
483 2067 518 2148 53
543 2063 647 2142 115,
674 2068 730 2146 181
755 2067 807 2130 20.
831 2068 861 2146 8,
884 2067 921 2144 6;
946 2065 996 2128 30.
1020 2066 1051 2147 9,
1076 2067 1103 2129 1.

456 2167 752 2236 Indicativns:
777 2171 829 2236 21.
854 2168 884 2250 1,
908 2171 928 2233 4
951 2167 1113 2234 archiriaco
1144 2167 1321 2234 diademate
1349 2165 1500 2236 cumam

355 2322 362 2338 .
387 2322 394 2338 .
419 2321 427 2338 .
451 2293 522 2337 aum
543 2275 625 2338 iuter
649 2273 782 2339 candia
808 2275 1014 2358 principatus
1044 2273 1101 2338 aiii
1131 2291 1248 2336 carana
1280 2271 1499 2338 circumdatas

352 2384 439 2459 crat3
464 2379 567 2459 26.3,
591 2379 750 2464 bisque.
776 2427 783 2444 .
808 2426 815 2443 .
841 2398 911 2441 aum
942 2378 1023 2442 citae
1052 2376 1173 2459 pudere
1202 2372 1287 2441 debet
1316 2382 1345 2439 et
1375 2377 1499 2460 culpae,

353 2499 418 2542 nan
448 2479 617 2545 abolendae
647 2479 787 2545 incubuit
815 2481 974 2558 maantam
1007 2480 1059 2545 30.
1090 2480 1127 2561 8,
1157 2481 1176 2542 3
1208 2485 1244 2542 ut
1274 2479 1397 2544 nultum
1422 2528 1430 2544 .
1455 2525 1463 2543 .
1489 2527 1498 2544 .

352 2583 485 2666 eriperet
507 2590 605 2647 marta
627 2634 635 2649 .
660 2630 667 2646 .
691 2631 717 2664 .,
741 2605 812 2648 cum
840 2582 875 2646 id
896 2584 992 2648 atium
1011 2583 1174 2667 princepae
1203 2580 1364 2645 interdum
1392 2581 1499 2658 fecere

352 2687 541 2768 seremanni,
566 2688 617 2750 29.
647 2687 675 2766 1,
699 2687 970 2754 renouauerat
1000 2685 1205 2750 crudeliorem
1234 2685 1419 2750 seutentiam
1448 2706 1498 2767 aa,

351 2809 431 2875 quae
452 2797 506 2871 act,
531 2811 602 2854 aum
623 2810 755 2874 parcere
777 2790 911 2872 uidetur,
936 2791 1092 2874 asperior.

457 2893 646 2958 Ammianus
679 2915 750 2960 aum
783 2894 1038 2961 coniunctionem
1072 2892 1207 2980 primum
1245 2891 1496 2974 coniunctium,

352 2995 468 3061 deinde
482 2995 699 3079 indicativum,
721 2998 774 3064 vel
788 2997 916 3064 inverso
935 2996 1046 3062 ordine
1060 2997 1147 3062 hunc
1162 2995 1277 3062 deinde
1292 2995 1380 3064 illum
1404 2997 1497 3082 sequi

352 3099 436 3164 vult:
453 3099 489 3165 cf.
505 3100 553 3166 17.
567 3103 597 3185 5,
616 3103 655 3166 13
671 3109 716 3167 est
730 3103 813 3166 enim
827 3099 977 3166 absonum
993 3107 1021 3165 et
1035 3103 1188 3185 insipieus
1203 3121 1292 3167 aum.
1305 3149 1313 3165 .
1325 3099 1496 3185 ,placatae

350 3205 415 3272 sint
437 3226 538 3271 aurae
560 3205 709 3288 inuidiae,
732 3258 738 3272 .
762 3253 770 3268 .
793 3254 801 3270 .
826 3227 922 3272 aum.
947 3253 955 3269 .
978 3243 988 3270 .·
1009 3212 1090 3270 totae
1112 3204 1196 3270 orbis
1217 3201 1382 3270 Romanus
1404 3204 1496 3270 nabis
1594 3197 1595 3210 ¹

223 3301 225 3306 ’
344 3308 541 3394 obtemperat
555 3329 593 3374 aa
606 3309 748 3394 prodere,
764 3331 843 3396 quae
859 3360 867 3375 .
884 3357 892 3374 .
908 3359 916 3374 .
932 3310 989 3374 diu
1004 3311 1214 3394 servavimus,
1235 3311 1286 3375 31.
1305 3310 1357 3392 14,
1373 3310 1393 3372 6
1410 3309 1495 3374 iilud

350 3433 468 3501 quaque
486 3413 577 3495 ferri
594 3434 658 3479 uon
668 3422 794 3500 poterat
816 3414 910 3502 quad,
926 3435 997 3479 aum
1011 3412 1130 3499 lepidus
1140 3414 1213 3480 titas
1230 3435 1238 3480 ;
1254 3461 1262 3478 .
1279 3463 1287 3478 .
1312 3414 1493 3480 conmittere

351 3518 452 3584 oideri
484 3539 516 3582 se
547 3519 651 3601 adid,
685 3518 907 3606 destinatisque
940 3520 1022 3584 aetat
1055 3519 1154 3584 tactis·
1173 3515 1331 3582 indicabas
1364 3520 1493 3601 repotia

348 3622 523 3706 spectanda
537 3622 719 3705 mandabat,
734 3613 815 3688 nibil
830 3625 887 3710 api
898 3631 1010 3689 contra
1025 3621 1184 3688 libidinem
1195 3641 1287 3686 suam
1298 3620 1494 3706 patiebatur.

454 3729 484 3793 2.
518 3727 783 3812 Quamquam.
830 3727 945 3794 Omnia
961 3727 1126 3794 enuntiata
1141 3747 1181 3791 ex
1199 3725 1491 3812 particula‘quam·

349 3851 445 3918 quam
466 3828 641 3915 pendentia
662 3829 789 3916 collegi,
812 3832 947 3898 collecta
968 3831 1028 3896 has
1050 3829 1127 3895 milri
1149 3827 1369 3917 praebuerunt
1386 3829 1493 3915 leges,
1593 3833 1594 3881 l

350 3954 429 4020 quas
451 3932 639 3999 Ammianus
663 3937 720 3998 aut
740 3934 842 3999 scians
865 3940 923 3999 aut
944 3933 1089 3999 nesciens
1112 3932 1314 3999 observavit:
1476 4005 1480 4014 ¹

322 4115 326 4122 ,
454 4037 480 4106 Ι.
513 4037 722 4105 Enuntiatum
744 4039 963 4104 concessivum
984 4037 1080 4103 mado
1103 4042 1181 4104 ante
1206 4031 1396 4104 sententiam
1425 4037 1491 4123 pri-

349 4143 483 4208 mariam
503 4142 599 4209 modo
622 4142 855 4230 postponitur.
901 4141 1023 4217 Quodsi
1047 4141 1219 4227 praecedit,
1241 4139 1393 4226 apodasis
1422 4161 1489 4206 om·

350 4247 444 4314 nibus
466 4248 545 4312 lacis
567 4253 695 4332 praeter
717 4245 798 4312 duos
820 4267 839 4312 1
857 4246 1015 4333 particula
1037 4253 1141 4311 tamen
1162 4244 1280 4332 incipit.

453 4350 498 4416 ΙΙ.
531 4349 586 4418 Sin
602 4357 710 4418 antem
725 4350 885 4418 sententia
900 4349 1001 4416 maiar
1016 4349 1188 4436 praecedit,
1209 4348 1366 4436 particula
1385 4355 1489 4415 tanam

349 4453 450 4524 deest.
801 4473 803 4476 ·

456 4559 520 4628 III.
554 4559 593 4625 In
609 4558 830 4625 enuntiatione
848 4521 1036 4626 secundaria
1058 4557 1315 4625 indicativus
1337 4555 1489 4644 temporis
